;product_id;time;price;size;side;step
0;BTC-EUR;00:00:02;6277.27;0.00142834;buy;74.0
1;BTC-EUR;00:00:02;6277.27;0.0029307;buy;74.0
2;BTC-EUR;00:00:17;6285.99;0.03043897;sell;75.0
3;BTC-EUR;00:00:22;6280.15;2.4;buy;75.0
4;BTC-EUR;00:00:38;6279.24;0.02285504;sell;75.0
5;BTC-EUR;00:01:01;6280.95;0.0014283;sell;75.0
6;BTC-EUR;00:01:43;6280.34;0.05277946;buy;76.0
7;BTC-EUR;00:01:43;6280.65;0.00172054;buy;76.0
8;BTC-EUR;00:01:55;6279.72;0.00276847;buy;76.0
9;BTC-EUR;00:02:33;6278.77;0.00142779;sell;77.0
10;BTC-EUR;00:02:35;6271.54;0.002413;buy;77.0
11;BTC-EUR;00:02:37;6277.8;0.00174609;sell;77.0
12;BTC-EUR;00:02:38;6278.59;0.03047527;sell;77.0
13;BTC-EUR;00:02:42;6278.33;0.00240626;sell;77.0
14;BTC-EUR;00:03:08;6272.25;0.00240626;buy;77.0
15;BTC-EUR;00:03:08;6278.36;0.00240626;sell;77.0
16;BTC-EUR;00:03:08;6278.47;0.01352122;sell;77.0
17;BTC-EUR;00:03:13;6272.31;0.03047527;buy;77.0
18;BTC-EUR;00:03:16;6273.46;0.22443351;buy;78.0
19;BTC-EUR;00:03:19;6274.94;0.01383662;buy;78.0
20;BTC-EUR;00:03:39;6281.16;0.01523086;sell;78.0
21;BTC-EUR;00:03:40;6277.13;0.00296041;buy;78.0
22;BTC-EUR;00:04:03;6282.21;0.015;sell;78.0
23;BTC-EUR;00:04:28;6280.06;0.0742474;buy;79.0
24;BTC-EUR;00:04:29;6284.2;0.00158337;sell;79.0
25;BTC-EUR;00:04:32;6284.46;0.0063649;sell;79.0
26;BTC-EUR;00:05:00;6284.46;0.00516275;sell;79.0
27;BTC-EUR;00:05:02;6281.7;0.07600493;buy;79.0
28;BTC-EUR;00:05:09;6284.46;0.01522511;sell;79.0
29;BTC-EUR;00:05:30;6280.43;0.01522511;buy;80.0
30;BTC-EUR;00:05:33;6284.13;0.01522511;sell;80.0
31;BTC-EUR;00:05:33;6284.13;0.32117141;sell;80.0
32;BTC-EUR;00:05:33;6284.46;0.42024535;sell;80.0
33;BTC-EUR;00:05:50;6282.96;0.0559907;buy;80.0
34;BTC-EUR;00:05:55;6284.42;0.0180754;buy;80.0
35;BTC-EUR;00:05:56;6285.71;0.67776107;sell;80.0
36;BTC-EUR;00:06:10;6289.47;0.00680846;sell;80.0
37;BTC-EUR;00:06:24;6289.81;1.07139964;buy;81.0
38;BTC-EUR;00:06:39;6299.0;0.157;sell;81.0
39;BTC-EUR;00:06:49;6302.47;0.00680846;buy;81.0
40;BTC-EUR;00:06:51;6306.61;0.00188566;sell;81.0
41;BTC-EUR;00:06:55;6306.61;0.00317127;sell;81.0
42;BTC-EUR;00:07:03;6301.01;0.0011251;buy;81.0
43;BTC-EUR;00:07:03;6306.47;0.01820734;sell;81.0
44;BTC-EUR;00:07:05;6301.01;0.038819;buy;81.0
45;BTC-EUR;00:07:08;6298.33;0.00640984;buy;81.0
46;BTC-EUR;00:07:08;6301.01;0.01459016;buy;81.0
47;BTC-EUR;00:07:20;6305.48;0.00757552;sell;82.0
48;BTC-EUR;00:07:20;6305.52;0.00678687;sell;82.0
49;BTC-EUR;00:07:24;6306.07;0.02319732;sell;82.0
50;BTC-EUR;00:07:25;6306.07;0.09631972;sell;82.0
51;BTC-EUR;00:07:33;6306.61;0.01016666;sell;82.0
52;BTC-EUR;00:07:33;6307.0;0.00166812;sell;82.0
53;BTC-EUR;00:07:38;6307.0;0.00688676;sell;82.0
54;BTC-EUR;00:07:46;6306.98;0.18994117;sell;82.0
55;BTC-EUR;00:07:54;6306.7;0.0015864;sell;82.0
56;BTC-EUR;00:08:05;6306.97;0.01183396;sell;82.0
57;BTC-EUR;00:08:22;6300.34;0.0027891;buy;83.0
58;BTC-EUR;00:08:53;6304.1;0.00279715;sell;83.0
59;BTC-EUR;00:09:10;6301.29;0.002802;sell;83.0
60;BTC-EUR;00:09:34;6296.31;0.03039015;sell;84.0
61;BTC-EUR;00:09:58;6295.18;0.15195722;sell;84.0
62;BTC-EUR;00:10:02;6294.53;0.00142463;buy;84.0
63;BTC-EUR;00:10:25;6287.66;0.15195722;buy;85.0
64;BTC-EUR;00:10:27;6291.31;0.00312185;sell;85.0
65;BTC-EUR;00:10:43;6290.03;0.01581907;sell;85.0
66;BTC-EUR;00:11:22;6292.06;0.04883716;sell;86.0
67;BTC-EUR;00:11:30;6290.29;0.03115927;sell;86.0
68;BTC-EUR;00:11:30;6290.32;0.0076208;sell;86.0
69;BTC-EUR;00:11:50;6292.36;0.0760636;sell;86.0
70;BTC-EUR;00:11:52;6293.11;0.15811337;sell;86.0
71;BTC-EUR;00:12:26;6292.35;0.15206904;sell;87.0
72;BTC-EUR;00:12:44;6290.62;0.00371754;sell;87.0
73;BTC-EUR;00:12:47;6286.15;0.10456904;buy;87.0
74;BTC-EUR;00:12:47;6288.89;0.0475;buy;87.0
75;BTC-EUR;00:12:50;6291.7;0.07605417;sell;87.0
76;BTC-EUR;00:12:53;6291.68;0.04674879;sell;87.0
77;BTC-EUR;00:12:59;6290.07;0.00759273;sell;87.0
78;BTC-EUR;00:13:12;6286.55;0.00317667;buy;87.0
79;BTC-EUR;00:13:41;6293.11;0.03479509;sell;88.0
80;BTC-EUR;00:13:41;6294.54;0.00321617;sell;88.0
81;BTC-EUR;00:14:01;6295.47;0.03799754;sell;88.0
82;BTC-EUR;00:14:03;6295.47;0.00774913;sell;88.0
83;BTC-EUR;00:14:25;6295.46;0.0303984;sell;89.0
84;BTC-EUR;00:14:45;6295.5;0.01707131;sell;89.0
85;BTC-EUR;00:15:09;6295.5;0.12159045;sell;89.0
86;BTC-EUR;00:15:21;6294.52;0.0075893;sell;90.0
87;BTC-EUR;00:15:38;6292.01;0.12159045;buy;90.0
88;BTC-EUR;00:15:49;6295.37;0.01588468;sell;90.0
89;BTC-EUR;00:15:57;6295.37;0.0232359;sell;90.0
90;BTC-EUR;00:16:03;6291.37;0.092;buy;90.0
91;BTC-EUR;00:16:19;6295.5;0.00421054;sell;91.0
92;BTC-EUR;00:16:21;6295.47;0.04102402;sell;91.0
93;BTC-EUR;00:16:21;6295.48;0.23607167;sell;91.0
94;BTC-EUR;00:16:40;6301.55;0.0475;sell;91.0
95;BTC-EUR;00:16:40;6302.18;0.09281507;sell;91.0
96;BTC-EUR;00:17:06;6296.62;0.27609569;buy;91.0
97;BTC-EUR;00:17:35;6300.63;0.00315541;buy;92.0
98;BTC-EUR;00:17:49;6307.0;0.00292023;sell;92.0
99;BTC-EUR;00:17:52;6307.0;0.06217998;sell;92.0
100;BTC-EUR;00:18:08;6305.28;0.00126383;sell;92.0
101;BTC-EUR;00:18:18;6306.54;0.00339461;sell;93.0
102;BTC-EUR;00:18:57;6305.99;0.02319427;sell;93.0
103;BTC-EUR;00:19:40;6307.0;0.01213688;sell;94.0
104;BTC-EUR;00:19:42;6307.0;0.01136067;sell;94.0
105;BTC-EUR;00:19:45;6307.0;0.001435;sell;94.0
106;BTC-EUR;00:19:45;6307.0;0.03092;sell;94.0
107;BTC-EUR;00:19:45;6307.0;0.05284736;sell;94.0
108;BTC-EUR;00:19:54;6310.0;0.00709763;sell;94.0
109;BTC-EUR;00:20:02;6308.46;0.03043897;buy;94.0
110;BTC-EUR;00:21:15;6310.0;0.00142079;sell;95.0
111;BTC-EUR;00:21:17;6310.0;1.58e-06;sell;96.0
112;BTC-EUR;00:21:17;6311.49;0.01600256;sell;96.0
113;BTC-EUR;00:21:17;6312.06;0.00101206;sell;96.0
114;BTC-EUR;00:21:17;6312.51;0.0080162;sell;96.0
115;BTC-EUR;00:21:17;6312.51;1.0129838;sell;96.0
116;BTC-EUR;00:21:17;6313.0;0.1119838;sell;96.0
117;BTC-EUR;00:21:18;6313.0;0.00801;sell;96.0
118;BTC-EUR;00:21:19;6313.0;6.2e-06;sell;96.0
119;BTC-EUR;00:21:19;6313.51;1.364e-05;sell;96.0
120;BTC-EUR;00:21:19;6313.51;0.0159838;sell;96.0
121;BTC-EUR;00:21:19;6315.0;0.001;sell;96.0
122;BTC-EUR;00:21:19;6315.0;0.00162;sell;96.0
123;BTC-EUR;00:21:19;6315.0;0.07838;sell;96.0
124;BTC-EUR;00:21:19;6315.53;0.01599;sell;96.0
125;BTC-EUR;00:21:23;6315.53;2.32e-06;sell;96.0
126;BTC-EUR;00:21:23;6317.22;0.3501;sell;96.0
127;BTC-EUR;00:21:23;6317.23;1.07989768;sell;96.0
128;BTC-EUR;00:21:24;6317.23;0.04678517;sell;96.0
129;BTC-EUR;00:21:35;6317.23;0.00756204;sell;96.0
130;BTC-EUR;00:21:37;6317.21;0.00544779;buy;96.0
131;BTC-EUR;00:21:37;6317.23;0.01287485;sell;96.0
132;BTC-EUR;00:21:37;6317.23;0.0475;sell;96.0
133;BTC-EUR;00:21:44;6317.23;0.09752099;sell;96.0
134;BTC-EUR;00:21:45;6317.23;0.20785927;sell;96.0
135;BTC-EUR;00:21:45;6317.55;0.01598;sell;96.0
136;BTC-EUR;00:21:46;6317.55;7.21e-06;sell;96.0
137;BTC-EUR;00:21:46;6319.0;1.533e-05;sell;96.0
138;BTC-EUR;00:21:46;6319.0;0.00543279;sell;96.0
139;BTC-EUR;00:21:46;6319.05;0.00100903;sell;96.0
140;BTC-EUR;00:21:46;6319.57;0.0159821;sell;96.0
141;BTC-EUR;00:21:46;6320.0;0.01619468;sell;96.0
142;BTC-EUR;00:21:46;6320.0;0.35625324;sell;96.0
143;BTC-EUR;00:21:46;6320.0;0.52095705;sell;96.0
144;BTC-EUR;00:21:46;6320.0;0.53578325;sell;96.0
145;BTC-EUR;00:21:46;6320.0;1.20799;sell;96.0
146;BTC-EUR;00:21:46;6320.0;4.45184831;sell;96.0
147;BTC-EUR;00:21:47;6321.59;6.99e-06;sell;96.0
148;BTC-EUR;00:21:47;6321.59;0.01597;sell;96.0
149;BTC-EUR;00:21:47;6323.26;0.002;sell;96.0
150;BTC-EUR;00:21:48;6323.61;1.89e-06;sell;96.0
151;BTC-EUR;00:21:48;6323.61;0.01597;sell;96.0
152;BTC-EUR;00:21:48;6324.0;1.89e-06;sell;96.0
153;BTC-EUR;00:21:48;6324.0;0.24999811;sell;96.0
154;BTC-EUR;00:21:48;6324.5;0.01;sell;96.0
155;BTC-EUR;00:21:48;6325.0;0.001;sell;96.0
156;BTC-EUR;00:21:48;6325.0;0.0029411;sell;96.0
157;BTC-EUR;00:21:48;6325.0;0.05891633;sell;96.0
158;BTC-EUR;00:21:48;6325.0;0.82094751;sell;96.0
159;BTC-EUR;00:21:48;6325.62;0.0475;sell;96.0
160;BTC-EUR;00:21:48;6325.63;0.01596679;sell;96.0
161;BTC-EUR;00:21:48;6326.03;0.00100601;sell;96.0
162;BTC-EUR;00:21:48;6326.18;0.00414639;sell;96.0
163;BTC-EUR;00:21:48;6326.94;0.01044289;sell;96.0
164;BTC-EUR;00:21:48;6326.94;0.45757587;sell;96.0
165;BTC-EUR;00:21:50;6326.94;0.00755981;sell;96.0
166;BTC-EUR;00:21:51;6326.94;0.18356032;sell;96.0
167;BTC-EUR;00:21:53;6326.94;0.00955711;sell;96.0
168;BTC-EUR;00:21:54;6326.94;0.04971868;sell;96.0
169;BTC-EUR;00:21:55;6326.94;0.0196536;sell;96.0
170;BTC-EUR;00:21:57;6326.94;0.03025663;sell;96.0
171;BTC-EUR;00:22:01;6326.94;5.09e-06;sell;96.0
172;BTC-EUR;00:22:01;6326.94;0.23167;sell;96.0
173;BTC-EUR;00:22:01;6327.48;0.01596;sell;96.0
174;BTC-EUR;00:22:01;6327.48;0.38008;sell;96.0
175;BTC-EUR;00:22:01;6327.65;1.69e-06;sell;96.0
176;BTC-EUR;00:22:01;6327.65;0.01596;sell;96.0
177;BTC-EUR;00:22:01;6327.75;0.01569831;sell;96.0
178;BTC-EUR;00:22:02;6327.75;1.95e-06;sell;96.0
179;BTC-EUR;00:22:02;6329.0;1.95e-06;sell;96.0
180;BTC-EUR;00:22:02;6329.0;0.00199805;sell;96.0
181;BTC-EUR;00:22:02;6329.67;0.01574155;sell;96.0
182;BTC-EUR;00:22:05;6329.67;0.00021505;sell;96.0
183;BTC-EUR;00:22:05;6330.0;0.00550311;sell;96.0
184;BTC-EUR;00:22:05;6330.49;0.00102426;sell;96.0
185;BTC-EUR;00:22:05;6330.84;0.025;sell;96.0
186;BTC-EUR;00:22:05;6331.69;0.01595;sell;96.0
187;BTC-EUR;00:22:07;6331.69;1.51e-06;sell;96.0
188;BTC-EUR;00:22:07;6331.74;0.03824524;buy;96.0
189;BTC-EUR;00:22:07;6333.14;8.84e-06;sell;96.0
190;BTC-EUR;00:22:07;6333.14;0.00101849;sell;96.0
191;BTC-EUR;00:22:07;6333.15;8.84e-06;sell;96.0
192;BTC-EUR;00:22:07;6333.15;0.02499116;sell;96.0
193;BTC-EUR;00:22:07;6333.71;5.26e-06;sell;96.0
194;BTC-EUR;00:22:07;6333.71;0.00199116;sell;96.0
195;BTC-EUR;00:22:07;6333.71;0.002;sell;96.0
196;BTC-EUR;00:22:07;6333.71;0.01195;sell;96.0
197;BTC-EUR;00:22:07;6334.0;0.00199474;sell;96.0
198;BTC-EUR;00:22:08;6334.0;5.26e-06;sell;96.0
199;BTC-EUR;00:22:08;6335.0;5.26e-06;sell;96.0
200;BTC-EUR;00:22:08;6335.0;0.09999474;sell;96.0
201;BTC-EUR;00:22:08;6335.73;0.01594134;sell;96.0
202;BTC-EUR;00:22:08;6336.12;0.001;sell;96.0
203;BTC-EUR;00:22:08;6336.48;6.6e-06;sell;96.0
204;BTC-EUR;00:22:08;6336.48;0.00494;sell;96.0
205;BTC-EUR;00:22:08;6336.48;1.0330534;sell;96.0
206;BTC-EUR;00:22:08;6337.75;0.0159234;sell;96.0
207;BTC-EUR;00:22:10;6334.7;0.03025663;buy;96.0
208;BTC-EUR;00:22:14;6337.75;1.285e-05;sell;96.0
209;BTC-EUR;00:22:14;6337.97;0.13698715;sell;96.0
210;BTC-EUR;00:22:18;6337.97;0.20661677;sell;97.0
211;BTC-EUR;00:22:24;6337.97;0.02380486;sell;97.0
212;BTC-EUR;00:22:24;6338.29;0.012;sell;97.0
213;BTC-EUR;00:22:24;6339.0;0.025;sell;97.0
214;BTC-EUR;00:22:24;6339.14;0.00821861;sell;97.0
215;BTC-EUR;00:22:24;6339.27;0.01588706;sell;97.0
216;BTC-EUR;00:22:24;6339.77;0.01593118;sell;97.0
217;BTC-EUR;00:22:24;6340.0;0.00103193;sell;97.0
218;BTC-EUR;00:22:24;6340.35;0.00504513;sell;97.0
219;BTC-EUR;00:22:24;6340.35;0.02209655;sell;97.0
220;BTC-EUR;00:22:24;6340.4;0.09737909;sell;97.0
221;BTC-EUR;00:22:26;6340.4;0.00393313;sell;97.0
222;BTC-EUR;00:22:50;6340.4;0.00368952;sell;97.0
223;BTC-EUR;00:23:23;6339.17;0.02263949;sell;98.0
224;BTC-EUR;00:23:53;6340.02;0.03773304;sell;98.0
225;BTC-EUR;00:24:05;6334.07;0.004739;buy;98.0
226;BTC-EUR;00:24:21;6340.37;0.03395756;buy;99.0
227;BTC-EUR;00:24:22;6340.38;9.46e-06;sell;99.0
228;BTC-EUR;00:24:22;6340.38;0.00322;sell;99.0
229;BTC-EUR;00:24:22;6340.4;0.39498054;sell;99.0
230;BTC-EUR;00:24:23;6340.4;1.772e-05;sell;99.0
231;BTC-EUR;00:24:23;6340.92;4.27e-06;sell;99.0
232;BTC-EUR;00:24:23;6340.92;0.00612;sell;99.0
233;BTC-EUR;00:24:23;6341.26;0.002;sell;99.0
234;BTC-EUR;00:24:23;6341.79;0.0159261;sell;99.0
235;BTC-EUR;00:24:24;6343.81;0.01592103;sell;99.0
236;BTC-EUR;00:24:24;6345.0;0.01592103;sell;99.0
237;BTC-EUR;00:24:24;6345.0;0.02407897;sell;99.0
238;BTC-EUR;00:24:24;6345.83;0.01591596;sell;99.0
239;BTC-EUR;00:24:24;6347.0;0.001;sell;99.0
240;BTC-EUR;00:24:24;6347.85;0.0159109;sell;99.0
241;BTC-EUR;00:24:24;6347.98;0.14947958;sell;99.0
242;BTC-EUR;00:24:27;6348.39;0.01051473;sell;99.0
243;BTC-EUR;00:24:29;6348.39;0.04048527;sell;99.0
244;BTC-EUR;00:24:29;6348.44;0.00207025;sell;99.0
245;BTC-EUR;00:24:29;6348.92;0.0016;sell;99.0
246;BTC-EUR;00:24:29;6349.0;0.025;sell;99.0
247;BTC-EUR;00:24:32;6349.45;0.025;sell;99.0
248;BTC-EUR;00:24:32;6349.87;0.00514514;sell;99.0
249;BTC-EUR;00:24:42;6348.08;0.03014514;buy;99.0
250;BTC-EUR;00:24:47;6347.17;0.0014233;buy;99.0
251;BTC-EUR;00:24:53;6348.28;0.15889;buy;99.0
252;BTC-EUR;00:24:55;6349.87;0.00787496;sell;99.0
253;BTC-EUR;00:25:02;6348.27;0.01183396;buy;99.0
254;BTC-EUR;00:25:02;6348.27;0.01183478;buy;99.0
255;BTC-EUR;00:25:06;6348.28;0.00669468;buy;99.0
256;BTC-EUR;00:25:07;6348.31;0.01863421;buy;99.0
257;BTC-EUR;00:25:09;6348.93;0.002;buy;99.0
258;BTC-EUR;00:25:09;6349.87;0.00288574;sell;99.0
259;BTC-EUR;00:25:09;6350.0;9.34e-06;sell;99.0
260;BTC-EUR;00:25:09;6350.0;0.001;sell;99.0
261;BTC-EUR;00:25:09;6350.0;0.00252542;sell;99.0
262;BTC-EUR;00:25:09;6350.0;0.025;sell;99.0
263;BTC-EUR;00:25:09;6350.0;0.02818966;sell;99.0
264;BTC-EUR;00:25:09;6350.0;0.05;sell;99.0
265;BTC-EUR;00:25:09;6350.0;0.07987067;sell;99.0
266;BTC-EUR;00:25:09;6350.0;0.14121778;sell;99.0
267;BTC-EUR;00:25:09;6350.0;0.2;sell;99.0
268;BTC-EUR;00:25:09;6350.0;0.20659953;sell;99.0
269;BTC-EUR;00:25:09;6350.0;0.28607875;sell;99.0
270;BTC-EUR;00:25:09;6350.0;0.34153627;sell;99.0
271;BTC-EUR;00:25:09;6350.0;0.40878222;sell;99.0
272;BTC-EUR;00:25:09;6350.0;0.53868;sell;99.0
273;BTC-EUR;00:25:09;6350.0;0.85878222;sell;99.0
274;BTC-EUR;00:25:09;6350.0;1.01564406;sell;99.0
275;BTC-EUR;00:25:09;6350.0;1.48450643;sell;99.0
276;BTC-EUR;00:25:09;6351.89;0.0159;sell;99.0
277;BTC-EUR;00:25:10;6351.63;0.002;buy;99.0
278;BTC-EUR;00:25:10;6351.89;7.8e-07;sell;99.0
279;BTC-EUR;00:25:10;6352.53;2.47e-06;sell;99.0
280;BTC-EUR;00:25:10;6352.53;0.00508922;sell;99.0
281;BTC-EUR;00:25:10;6353.91;0.01589572;sell;99.0
282;BTC-EUR;00:25:11;6355.0;0.1;sell;99.0
283;BTC-EUR;00:25:11;6355.0;0.21809587;sell;99.0
284;BTC-EUR;00:25:11;6355.0;0.28190413;sell;99.0
285;BTC-EUR;00:25:11;6355.0;0.33;sell;99.0
286;BTC-EUR;00:25:11;6355.0;0.5;sell;99.0
287;BTC-EUR;00:25:11;6355.0;0.56662153;sell;99.0
288;BTC-EUR;00:25:11;6355.0;1.10337847;sell;99.0
289;BTC-EUR;00:25:12;6355.21;0.00447;sell;99.0
290;BTC-EUR;00:25:12;6355.21;0.0075206;sell;99.0
291;BTC-EUR;00:25:16;6355.21;9.4e-06;sell;100.0
292;BTC-EUR;00:25:16;6355.93;0.01569253;sell;100.0
293;BTC-EUR;00:25:17;6355.93;0.00019814;sell;100.0
294;BTC-EUR;00:25:17;6356.0;0.04557206;sell;100.0
295;BTC-EUR;00:25:18;6356.0;0.00263;sell;100.0
296;BTC-EUR;00:25:20;6356.0;5.26e-06;sell;100.0
297;BTC-EUR;00:25:20;6356.37;0.002;sell;100.0
298;BTC-EUR;00:25:20;6356.79;0.001;sell;100.0
299;BTC-EUR;00:25:20;6357.95;0.01588562;sell;100.0
300;BTC-EUR;00:25:20;6358.0;0.01;sell;100.0
301;BTC-EUR;00:25:20;6359.0;0.00521502;sell;100.0
302;BTC-EUR;00:25:20;6359.0;0.025;sell;100.0
303;BTC-EUR;00:25:20;6359.0;0.39277811;sell;100.0
304;BTC-EUR;00:25:21;6356.88;0.01627324;buy;100.0
305;BTC-EUR;00:25:21;6359.0;0.00269606;sell;100.0
306;BTC-EUR;00:25:25;6359.0;2.26176;sell;100.0
307;BTC-EUR;00:25:26;6359.0;1.15e-06;sell;100.0
308;BTC-EUR;00:25:26;6359.75;0.00132402;sell;100.0
309;BTC-EUR;00:25:26;6359.9;7.17e-06;sell;100.0
310;BTC-EUR;00:25:26;6359.9;0.00132;sell;100.0
311;BTC-EUR;00:25:26;6359.9;0.00659483;sell;100.0
312;BTC-EUR;00:25:26;6359.97;7.75e-06;sell;100.0
313;BTC-EUR;00:25:26;6359.97;0.01587283;sell;100.0
314;BTC-EUR;00:25:26;6360.0;0.00099274;sell;100.0
315;BTC-EUR;00:25:26;6360.0;0.08630726;sell;100.0
316;BTC-EUR;00:25:26;6360.0;0.1;sell;100.0
317;BTC-EUR;00:25:26;6360.0;0.15853808;sell;100.0
318;BTC-EUR;00:25:26;6360.0;0.29274214;sell;100.0
319;BTC-EUR;00:25:26;6360.0;0.49169203;sell;100.0
320;BTC-EUR;00:25:27;6360.0;7.26e-06;sell;100.0
321;BTC-EUR;00:25:27;6361.99;0.01587554;sell;100.0
322;BTC-EUR;00:25:27;6362.0;0.1;sell;100.0
323;BTC-EUR;00:25:27;6362.0;0.2;sell;100.0
324;BTC-EUR;00:25:27;6363.0;0.002;sell;100.0
325;BTC-EUR;00:25:27;6364.0;0.1;sell;100.0
326;BTC-EUR;00:25:27;6364.01;0.0158705;sell;100.0
327;BTC-EUR;00:25:27;6364.61;0.001;sell;100.0
328;BTC-EUR;00:25:27;6365.85;0.21574809;sell;100.0
329;BTC-EUR;00:25:27;6366.03;0.01586546;sell;100.0
330;BTC-EUR;00:25:27;6366.03;0.36578478;sell;100.0
331;BTC-EUR;00:25:27;6366.63;0.001;sell;100.0
332;BTC-EUR;00:25:27;6366.66;0.001;sell;100.0
333;BTC-EUR;00:25:27;6366.9;0.001;sell;100.0
334;BTC-EUR;00:25:27;6368.05;0.01586043;sell;100.0
335;BTC-EUR;00:25:27;6368.35;0.0032;sell;100.0
336;BTC-EUR;00:25:27;6368.74;0.45669488;sell;100.0
337;BTC-EUR;00:25:28;6361.99;0.0033;buy;100.0
338;BTC-EUR;00:25:28;6368.8;0.04949628;sell;100.0
339;BTC-EUR;00:25:29;6368.8;1.41248345;sell;100.0
340;BTC-EUR;00:25:33;6368.8;0.02315548;sell;100.0
341;BTC-EUR;00:25:34;6368.8;0.08893;sell;100.0
342;BTC-EUR;00:25:34;6368.8;1.8127;sell;100.0
343;BTC-EUR;00:25:35;6368.8;4.28e-06;sell;100.0
344;BTC-EUR;00:25:35;6368.8;0.2;sell;100.0
345;BTC-EUR;00:25:35;6368.8;0.5;sell;100.0
346;BTC-EUR;00:25:35;6369.0;4.28e-06;sell;100.0
347;BTC-EUR;00:25:35;6369.0;0.02499572;sell;100.0
348;BTC-EUR;00:25:35;6369.0;0.025;sell;100.0
349;BTC-EUR;00:25:35;6369.0;0.32;sell;100.0
350;BTC-EUR;00:25:35;6370.0;8.15e-06;sell;100.0
351;BTC-EUR;00:25:35;6370.0;0.00099185;sell;100.0
352;BTC-EUR;00:25:35;6370.0;0.05178387;sell;100.0
353;BTC-EUR;00:25:51;6358.79;0.00379754;buy;100.0
354;BTC-EUR;00:25:59;6358.37;0.00594483;sell;100.0
355;BTC-EUR;00:26:05;6344.97;0.005;buy;100.0
356;BTC-EUR;00:26:06;6344.97;0.175;buy;100.0
357;BTC-EUR;00:26:12;6341.74;0.0274;buy;100.0
358;BTC-EUR;00:26:12;6341.74;0.03118939;buy;100.0
359;BTC-EUR;00:26:30;6340.6;0.04754252;buy;101.0
360;BTC-EUR;00:26:41;6340.0;0.04727;buy;101.0
361;BTC-EUR;00:26:41;6340.0;0.25272458;buy;101.0
362;BTC-EUR;00:27:03;6341.22;0.006;buy;101.0
363;BTC-EUR;00:27:07;6346.43;0.15072543;sell;101.0
364;BTC-EUR;00:27:12;6345.82;0.002;sell;101.0
365;BTC-EUR;00:27:15;6339.27;0.20163458;buy;102.0
366;BTC-EUR;00:27:15;6340.0;5.42e-06;buy;102.0
367;BTC-EUR;00:27:22;6343.01;0.030167;sell;102.0
368;BTC-EUR;00:27:27;6334.92;0.00142399;buy;102.0
369;BTC-EUR;00:27:34;6336.51;0.030167;buy;102.0
370;BTC-EUR;00:27:36;6336.57;0.00375386;buy;102.0
371;BTC-EUR;00:27:36;6344.56;0.00290255;sell;102.0
372;BTC-EUR;00:28:04;6336.9;0.15072543;buy;102.0
373;BTC-EUR;00:28:25;6342.03;0.02112084;sell;103.0
374;BTC-EUR;00:28:30;6340.81;0.01885438;sell;103.0
375;BTC-EUR;00:28:40;6337.99;0.00405773;buy;103.0
376;BTC-EUR;00:29:25;6342.66;0.02342;buy;104.0
377;BTC-EUR;00:29:42;6339.1;0.3095874;buy;104.0
378;BTC-EUR;00:29:42;6340.0;0.07260327;buy;104.0
379;BTC-EUR;00:29:42;6340.0;0.27009665;buy;104.0
380;BTC-EUR;00:29:42;6340.0;0.55446939;buy;104.0
381;BTC-EUR;00:29:42;6342.61;3.96e-06;buy;104.0
382;BTC-EUR;00:29:42;6342.61;0.00297;buy;104.0
383;BTC-EUR;00:29:43;6339.1;0.05541;buy;104.0
384;BTC-EUR;00:30:02;6333.29;0.03801126;buy;104.0
385;BTC-EUR;00:30:02;6333.29;0.07605417;buy;104.0
386;BTC-EUR;00:30:02;6333.29;0.0760636;buy;104.0
387;BTC-EUR;00:30:07;6333.86;0.17445894;buy;104.0
388;BTC-EUR;00:30:07;6333.88;0.12;buy;104.0
389;BTC-EUR;00:30:07;6333.89;0.09319066;buy;104.0
390;BTC-EUR;00:30:29;6333.27;0.74;buy;105.0
391;BTC-EUR;00:30:35;6332.81;0.01509816;sell;105.0
392;BTC-EUR;00:30:42;6324.52;0.00744835;buy;105.0
393;BTC-EUR;00:30:43;6324.52;0.00702456;buy;105.0
394;BTC-EUR;00:30:49;6324.46;0.12;buy;105.0
395;BTC-EUR;00:30:50;6323.93;0.0051;buy;105.0
396;BTC-EUR;00:30:56;6316.88;1.08675999;buy;105.0
397;BTC-EUR;00:30:56;6317.0;0.19798667;buy;105.0
398;BTC-EUR;00:30:56;6317.65;0.0925;buy;105.0
399;BTC-EUR;00:30:56;6319.58;0.0475;buy;105.0
400;BTC-EUR;00:30:56;6321.0;0.00524637;buy;105.0
401;BTC-EUR;00:30:56;6323.93;6.97e-06;buy;105.0
402;BTC-EUR;00:31:23;6326.24;0.00440546;sell;106.0
403;BTC-EUR;00:31:53;6330.1;0.00168;buy;106.0
404;BTC-EUR;00:32:01;6330.1;6.75e-06;buy;106.0
405;BTC-EUR;00:32:04;6323.2;0.00896373;buy;106.0
406;BTC-EUR;00:32:07;6330.39;0.1;sell;106.0
407;BTC-EUR;00:32:16;6326.13;0.0475;sell;107.0
408;BTC-EUR;00:32:16;6330.07;0.45980078;sell;107.0
409;BTC-EUR;00:32:19;6325.99;0.014924;sell;107.0
410;BTC-EUR;00:32:31;6320.82;0.28824383;buy;107.0
411;BTC-EUR;00:32:32;6318.69;0.12;buy;107.0
412;BTC-EUR;00:32:32;6319.09;0.12;buy;107.0
413;BTC-EUR;00:32:33;6315.06;0.0076;buy;107.0
414;BTC-EUR;00:32:33;6315.06;0.0399;buy;107.0
415;BTC-EUR;00:32:33;6315.84;0.7001;buy;107.0
416;BTC-EUR;00:32:34;6310.6;0.00823973;buy;107.0
417;BTC-EUR;00:32:34;6311.81;2.7e-07;buy;107.0
418;BTC-EUR;00:32:34;6311.81;0.00506;buy;107.0
419;BTC-EUR;00:32:36;6310.6;3.54e-06;buy;107.0
420;BTC-EUR;00:32:37;6304.63;0.00103;buy;107.0
421;BTC-EUR;00:32:37;6306.28;0.137;buy;107.0
422;BTC-EUR;00:33:07;6309.93;0.0723756;sell;107.0
423;BTC-EUR;00:33:23;6308.73;0.00756935;sell;108.0
424;BTC-EUR;00:33:53;6307.42;0.042;sell;108.0
425;BTC-EUR;00:33:56;6307.13;0.04663021;sell;108.0
426;BTC-EUR;00:34:00;6304.63;4.1e-07;buy;108.0
427;BTC-EUR;00:34:05;6303.93;0.04749959;sell;108.0
428;BTC-EUR;00:34:05;6306.1;0.10425004;sell;108.0
429;BTC-EUR;00:34:16;6307.11;0.0475;sell;109.0
430;BTC-EUR;00:34:19;6306.67;0.002;buy;109.0
431;BTC-EUR;00:34:38;6303.38;0.15174963;buy;109.0
432;BTC-EUR;00:34:41;6309.09;0.07960161;sell;109.0
433;BTC-EUR;00:34:43;6303.42;0.00404491;buy;109.0
434;BTC-EUR;00:35:00;6312.18;0.00158107;sell;109.0
435;BTC-EUR;00:35:08;6311.68;0.0303173;sell;109.0
436;BTC-EUR;00:35:19;6303.46;0.0303173;buy;110.0
437;BTC-EUR;00:35:45;6310.97;0.00263586;sell;110.0
438;BTC-EUR;00:35:49;6307.2;0.0457702;buy;110.0
439;BTC-EUR;00:35:53;6312.34;0.00937324;sell;110.0
440;BTC-EUR;00:35:53;6312.34;0.08660374;sell;110.0
441;BTC-EUR;00:36:13;6309.68;0.182;buy;110.0
442;BTC-EUR;00:36:19;6311.05;0.02325017;buy;111.0
443;BTC-EUR;00:36:19;6311.3;0.0475;buy;111.0
444;BTC-EUR;00:36:19;6311.65;0.00162543;buy;111.0
445;BTC-EUR;00:37:21;6315.72;0.03030107;sell;112.0
446;BTC-EUR;00:37:32;6308.0;0.03030107;buy;112.0
447;BTC-EUR;00:37:45;6310.11;0.00483342;buy;112.0
448;BTC-EUR;00:37:47;6315.45;0.15151088;sell;112.0
449;BTC-EUR;00:38:30;6317.3;0.15151088;buy;113.0
450;BTC-EUR;00:38:55;6320.17;0.00192319;sell;113.0
451;BTC-EUR;00:38:55;6321.97;0.35;sell;113.0
452;BTC-EUR;00:38:55;6321.98;0.17952255;sell;113.0
453;BTC-EUR;00:39:05;6322.85;0.0142;sell;113.0
454;BTC-EUR;00:39:06;6322.85;0.03027167;sell;113.0
455;BTC-EUR;00:39:11;6322.85;8.33e-06;sell;113.0
456;BTC-EUR;00:39:11;6322.85;0.30562;sell;113.0
457;BTC-EUR;00:39:11;6328.83;0.00290459;sell;113.0
458;BTC-EUR;00:39:14;6331.3;0.022699;sell;113.0
459;BTC-EUR;00:39:17;6326.49;0.03027167;buy;114.0
460;BTC-EUR;00:39:17;6336.09;0.00157904;sell;114.0
461;BTC-EUR;00:39:37;6332.38;0.00238402;sell;114.0
462;BTC-EUR;00:39:49;6324.38;0.38236309;buy;114.0
463;BTC-EUR;00:39:49;6324.4;0.12;buy;114.0
464;BTC-EUR;00:39:49;6324.46;0.00238402;buy;114.0
465;BTC-EUR;00:39:49;6324.46;0.02569863;buy;114.0
466;BTC-EUR;00:40:02;6328.1;0.02263949;buy;114.0
467;BTC-EUR;00:40:12;6334.26;0.01510198;sell;114.0
468;BTC-EUR;00:40:17;6325.89;0.00729095;buy;115.0
469;BTC-EUR;00:40:17;6325.9;0.01510198;buy;115.0
470;BTC-EUR;00:40:52;6331.04;0.05345108;sell;115.0
471;BTC-EUR;00:40:56;6330.68;0.0142;sell;115.0
472;BTC-EUR;00:41:32;6329.64;0.03184739;buy;116.0
473;BTC-EUR;00:41:32;6329.73;0.0475;buy;116.0
474;BTC-EUR;00:41:56;6335.62;0.0475;sell;116.0
475;BTC-EUR;00:41:56;6336.15;0.00103041;sell;116.0
476;BTC-EUR;00:41:59;6337.54;0.00174123;buy;116.0
477;BTC-EUR;00:42:03;6338.12;0.36726092;sell;116.0
478;BTC-EUR;00:42:03;6340.0;0.01383537;sell;116.0
479;BTC-EUR;00:42:03;6340.0;0.25016625;sell;116.0
480;BTC-EUR;00:42:03;6340.0;0.29938986;sell;116.0
481;BTC-EUR;00:42:03;6340.0;0.4993476;sell;116.0
482;BTC-EUR;00:42:05;6340.0;0.12203759;sell;116.0
483;BTC-EUR;00:42:08;6340.0;1.35185;sell;116.0
484;BTC-EUR;00:42:08;6340.0;2.7;sell;116.0
485;BTC-EUR;00:42:16;6340.0;2.4e-06;sell;117.0
486;BTC-EUR;00:42:16;6341.34;0.04527437;sell;117.0
487;BTC-EUR;00:42:31;6339.29;0.12;buy;117.0
488;BTC-EUR;00:42:31;6339.33;0.12;buy;117.0
489;BTC-EUR;00:42:37;6338.74;0.12;buy;117.0
490;BTC-EUR;00:42:38;6338.02;0.10868;buy;117.0
491;BTC-EUR;00:42:38;6338.02;2.29132;buy;117.0
492;BTC-EUR;00:43:02;6339.53;0.01208529;sell;117.0
493;BTC-EUR;00:43:03;6333.71;0.003;buy;117.0
494;BTC-EUR;00:43:22;6336.17;0.00675396;sell;118.0
495;BTC-EUR;00:43:39;6333.48;0.2;buy;118.0
496;BTC-EUR;00:44:13;6328.82;0.04527677;buy;118.0
497;BTC-EUR;00:44:34;6332.5;0.00212272;sell;119.0
498;BTC-EUR;00:45:01;6330.24;0.00594483;buy;119.0
499;BTC-EUR;00:45:01;6337.59;0.01207797;sell;119.0
500;BTC-EUR;00:45:16;6329.35;0.010893;buy;120.0
501;BTC-EUR;00:45:36;6325.97;0.1642373;buy;120.0
502;BTC-EUR;00:45:36;6326.64;0.63693477;buy;120.0
503;BTC-EUR;00:45:36;6327.11;0.19749107;buy;120.0
504;BTC-EUR;00:45:36;6327.31;0.0023496;buy;120.0
505;BTC-EUR;00:45:57;6329.98;0.12;sell;120.0
506;BTC-EUR;00:45:57;6330.0;0.03117886;sell;120.0
507;BTC-EUR;00:46:25;6329.07;0.12093654;sell;121.0
508;BTC-EUR;00:47:29;6325.58;0.00212272;buy;122.0
509;BTC-EUR;00:47:29;6325.59;0.01454825;buy;122.0
510;BTC-EUR;00:47:43;6325.55;0.02268927;sell;122.0
511;BTC-EUR;00:47:53;6325.55;0.12;sell;122.0
512;BTC-EUR;00:47:53;6325.57;0.98;sell;122.0
513;BTC-EUR;00:47:54;6325.57;0.00332903;sell;122.0
514;BTC-EUR;00:47:56;6327.17;0.015572;buy;122.0
515;BTC-EUR;00:47:59;6328.89;0.0475;sell;122.0
516;BTC-EUR;00:47:59;6330.0;1.14e-06;sell;122.0
517;BTC-EUR;00:47:59;6330.0;0.1325;sell;122.0
518;BTC-EUR;00:47:59;6330.0;0.83632;sell;122.0
519;BTC-EUR;00:48:01;6335.37;0.12;sell;122.0
520;BTC-EUR;00:48:01;6335.97;6.015e-05;sell;122.0
521;BTC-EUR;00:48:01;6335.97;0.08093985;sell;122.0
522;BTC-EUR;00:48:01;6338.59;0.12;sell;122.0
523;BTC-EUR;00:48:01;6338.61;2.39993985;sell;122.0
524;BTC-EUR;00:48:02;6342.15;0.00824;sell;122.0
525;BTC-EUR;00:48:07;6342.15;3.27e-06;sell;122.0
526;BTC-EUR;00:48:07;6343.37;0.00505673;sell;122.0
527;BTC-EUR;00:48:12;6343.37;3.54e-06;sell;122.0
528;BTC-EUR;00:48:12;6344.99;0.001;sell;122.0
529;BTC-EUR;00:48:12;6345.01;0.02205058;sell;122.0
530;BTC-EUR;00:48:15;6345.01;2.58e-06;sell;122.0
531;BTC-EUR;00:48:15;6345.01;0.34481;sell;122.0
532;BTC-EUR;00:48:18;6341.68;1.21045512;buy;123.0
533;BTC-EUR;00:48:18;6343.98;0.12;buy;123.0
534;BTC-EUR;00:48:18;6343.99;0.12;buy;123.0
535;BTC-EUR;00:48:41;6345.4;0.0421265;buy;123.0
536;BTC-EUR;00:48:41;6345.46;0.0475;buy;123.0
537;BTC-EUR;00:48:41;6345.8;0.12;buy;123.0
538;BTC-EUR;00:48:41;6345.81;0.04;buy;123.0
539;BTC-EUR;00:48:42;6345.38;0.50901259;buy;123.0
540;BTC-EUR;00:48:42;6345.39;0.035;buy;123.0
541;BTC-EUR;00:48:42;6345.4;0.0778735;buy;123.0
542;BTC-EUR;00:48:42;6345.4;0.12;buy;123.0
543;BTC-EUR;00:48:42;6345.41;0.04;buy;123.0
544;BTC-EUR;00:48:53;6341.68;0.00206672;buy;123.0
545;BTC-EUR;00:49:06;6349.83;0.0039189;sell;123.0
546;BTC-EUR;00:49:12;6342.78;0.002;buy;123.0
547;BTC-EUR;00:49:14;6342.87;0.01678676;buy;123.0
548;BTC-EUR;00:50:01;6345.71;0.01509816;buy;124.0
549;BTC-EUR;00:50:02;6345.71;0.00440546;buy;124.0
550;BTC-EUR;00:50:18;6347.71;0.01;buy;125.0
551;BTC-EUR;00:50:35;6351.78;0.0384232;sell;125.0
552;BTC-EUR;00:51:21;6347.09;0.0015837;sell;126.0
553;BTC-EUR;00:51:31;6342.42;0.02381471;buy;126.0
554;BTC-EUR;00:51:31;6342.42;0.04051408;buy;126.0
555;BTC-EUR;00:51:34;6348.21;0.00164679;sell;126.0
556;BTC-EUR;00:51:53;6349.74;0.0475;sell;126.0
557;BTC-EUR;00:51:53;6350.0;0.06404508;sell;126.0
558;BTC-EUR;00:51:53;6351.14;0.00292455;sell;126.0
559;BTC-EUR;00:51:53;6351.78;0.03050576;sell;126.0
560;BTC-EUR;00:52:17;6350.78;0.01506552;sell;127.0
561;BTC-EUR;00:52:34;6351.75;0.00752095;sell;127.0
562;BTC-EUR;00:52:52;6347.53;0.00263;buy;127.0
563;BTC-EUR;00:53:00;6351.75;0.05865399;sell;127.0
564;BTC-EUR;00:53:03;6351.71;0.00595456;sell;127.0
565;BTC-EUR;00:53:26;6343.36;0.00195346;buy;128.0
566;BTC-EUR;00:53:28;6349.17;0.18;sell;128.0
567;BTC-EUR;00:53:28;6349.17;1.12817717;sell;128.0
568;BTC-EUR;00:53:28;6349.29;0.25899108;sell;128.0
569;BTC-EUR;00:53:28;6349.34;0.04553854;sell;128.0
570;BTC-EUR;00:53:29;6348.95;0.01506718;sell;128.0
571;BTC-EUR;00:53:44;6347.67;0.00517434;sell;128.0
572;BTC-EUR;00:54:08;6343.61;0.01606376;buy;128.0
573;BTC-EUR;00:54:26;6341.97;0.13379395;buy;129.0
574;BTC-EUR;00:54:26;6341.99;0.0027036;buy;129.0
575;BTC-EUR;00:54:31;6341.68;0.78636;buy;129.0
576;BTC-EUR;00:54:41;6341.97;0.0075315;sell;129.0
577;BTC-EUR;00:55:02;6340.88;0.01419211;buy;129.0
578;BTC-EUR;00:55:02;6341.68;7.89e-06;buy;129.0
579;BTC-EUR;00:55:16;6336.97;0.00420494;buy;130.0
580;BTC-EUR;00:55:19;6343.01;0.00141325;sell;130.0
581;BTC-EUR;00:55:30;6342.91;0.00141355;sell;130.0
582;BTC-EUR;00:56:14;6340.01;0.0039189;buy;130.0
583;BTC-EUR;00:56:26;6340.01;0.02502247;buy;131.0
584;BTC-EUR;00:56:40;6344.54;0.00752949;sell;131.0
585;BTC-EUR;00:57:17;6345.05;0.07922017;buy;132.0
586;BTC-EUR;00:57:30;6347.0;0.00918;sell;132.0
587;BTC-EUR;00:57:30;6347.0;0.02;sell;132.0
588;BTC-EUR;00:57:30;6347.0;0.27;sell;132.0
589;BTC-EUR;00:58:23;6350.57;0.0042;sell;133.0
590;BTC-EUR;00:58:23;6350.57;0.275;sell;133.0
591;BTC-EUR;00:58:23;6350.57;0.855;sell;133.0
592;BTC-EUR;00:58:25;6351.76;0.12;sell;133.0
593;BTC-EUR;00:58:25;6351.78;0.59;sell;133.0
594;BTC-EUR;00:58:26;6351.78;0.35589;sell;133.0
595;BTC-EUR;00:58:27;6351.78;6.1e-06;sell;133.0
596;BTC-EUR;00:58:27;6354.77;0.0281;sell;133.0
597;BTC-EUR;00:58:27;6355.49;0.2718939;sell;133.0
598;BTC-EUR;00:58:45;6355.49;0.0021061;sell;133.0
599;BTC-EUR;00:58:45;6355.49;0.00345209;sell;133.0
600;BTC-EUR;00:58:45;6355.55;0.00510697;sell;133.0
601;BTC-EUR;00:58:45;6359.0;0.00524637;sell;133.0
602;BTC-EUR;00:58:45;6359.97;0.00064778;sell;133.0
603;BTC-EUR;00:58:47;6355.28;0.00188566;buy;133.0
604;BTC-EUR;00:58:50;6355.49;0.00368076;sell;133.0
605;BTC-EUR;00:58:55;6355.49;0.03770651;sell;133.0
606;BTC-EUR;00:58:58;6355.48;0.03483637;buy;133.0
607;BTC-EUR;00:59:00;6355.49;2.73e-06;sell;133.0
608;BTC-EUR;00:59:00;6355.49;0.00783;sell;133.0
609;BTC-EUR;00:59:00;6355.49;0.23;sell;133.0
610;BTC-EUR;00:59:00;6359.99;0.53999412;sell;133.0
611;BTC-EUR;00:59:00;6359.99;0.59566779;sell;133.0
612;BTC-EUR;00:59:09;6359.99;4.03;sell;133.0
613;BTC-EUR;00:59:11;6359.98;0.00240283;buy;133.0
614;BTC-EUR;00:59:11;6359.98;0.08132083;buy;133.0
615;BTC-EUR;00:59:12;6359.99;0.00751119;sell;133.0
616;BTC-EUR;00:59:12;6359.99;0.59;sell;133.0
617;BTC-EUR;00:59:13;6359.99;0.01;sell;133.0
618;BTC-EUR;00:59:15;6359.99;0.00786243;sell;133.0
619;BTC-EUR;00:59:18;6359.99;0.02233765;sell;134.0
620;BTC-EUR;00:59:32;6359.99;0.0150443;sell;134.0
621;BTC-EUR;00:59:41;6359.99;2.34380821;sell;134.0
622;BTC-EUR;01:00:02;6359.06;0.01510198;buy;134.0
623;BTC-EUR;01:00:03;6359.06;0.00378823;buy;134.0
624;BTC-EUR;01:00:04;6359.99;0.01251605;sell;134.0
625;BTC-EUR;01:00:10;6359.99;0.19050175;sell;134.0
626;BTC-EUR;01:00:10;6359.99;0.22874175;sell;134.0
627;BTC-EUR;01:00:10;6359.99;0.27925;sell;134.0
628;BTC-EUR;01:00:10;6359.99;0.99;sell;134.0
629;BTC-EUR;01:00:10;6359.99;1.0107565;sell;134.0
630;BTC-EUR;01:00:10;6359.99;1.25706474;sell;134.0
631;BTC-EUR;01:00:10;6359.99;8.14819352;sell;134.0
632;BTC-EUR;01:00:11;6360.88;0.06417465;buy;134.0
633;BTC-EUR;01:00:11;6361.67;0.36574037;sell;134.0
634;BTC-EUR;01:00:11;6361.93;0.05425963;sell;134.0
635;BTC-EUR;01:00:11;6361.93;0.30523547;sell;134.0
636;BTC-EUR;01:00:15;6361.93;0.00012459;sell;134.0
637;BTC-EUR;01:00:15;6361.93;0.00610471;sell;134.0
638;BTC-EUR;01:00:16;6366.65;0.00859747;sell;135.0
639;BTC-EUR;01:00:18;6366.65;0.35665881;sell;135.0
640;BTC-EUR;01:00:18;6366.74;0.36334119;sell;135.0
641;BTC-EUR;01:00:19;6366.74;0.00191;sell;135.0
642;BTC-EUR;01:00:20;6366.74;2.81e-06;sell;135.0
643;BTC-EUR;01:00:20;6369.99;0.17924733;sell;135.0
644;BTC-EUR;01:00:20;6369.99;0.9;sell;135.0
645;BTC-EUR;01:00:20;6369.99;1.25074986;sell;135.0
646;BTC-EUR;01:00:20;6369.99;2.47064;sell;135.0
647;BTC-EUR;01:00:21;6369.99;0.92898509;sell;135.0
648;BTC-EUR;01:00:21;6369.99;0.93309703;sell;135.0
649;BTC-EUR;01:00:21;6369.99;0.93704848;sell;135.0
650;BTC-EUR;01:00:21;6369.99;0.94084791;sell;135.0
651;BTC-EUR;01:00:21;6369.99;0.94450325;sell;135.0
652;BTC-EUR;01:00:22;6369.99;0.94802194;sell;135.0
653;BTC-EUR;01:00:22;6369.99;0.95141095;sell;135.0
654;BTC-EUR;01:00:23;6369.99;0.95467682;sell;135.0
655;BTC-EUR;01:00:23;6369.99;0.95782567;sell;135.0
656;BTC-EUR;01:00:24;6369.99;1.0;sell;135.0
657;BTC-EUR;01:00:25;6369.69;0.007;buy;135.0
658;BTC-EUR;01:00:29;6369.87;0.00157067;sell;135.0
659;BTC-EUR;01:00:40;6361.89;0.11999561;buy;135.0
660;BTC-EUR;01:00:40;6362.58;4.39e-06;buy;135.0
661;BTC-EUR;01:00:40;6362.58;0.01892;buy;135.0
662;BTC-EUR;01:00:40;6363.89;0.3312;buy;135.0
663;BTC-EUR;01:00:40;6364.28;0.3312;buy;135.0
664;BTC-EUR;01:00:40;6364.29;0.00506913;buy;135.0
665;BTC-EUR;01:00:40;6364.29;0.49437;buy;135.0
666;BTC-EUR;01:00:40;6364.29;0.6;buy;135.0
667;BTC-EUR;01:00:41;6360.54;0.24829561;buy;135.0
668;BTC-EUR;01:00:41;6361.89;4.39e-06;buy;135.0
669;BTC-EUR;01:00:43;6364.77;0.1051601;sell;135.0
670;BTC-EUR;01:00:52;6358.45;0.0475;buy;135.0
671;BTC-EUR;01:00:52;6358.46;0.018;buy;135.0
672;BTC-EUR;01:01:09;6359.62;0.01204812;sell;135.0
673;BTC-EUR;01:01:47;6354.15;0.0112748;sell;136.0
674;BTC-EUR;01:01:56;6357.66;0.00548277;sell;136.0
675;BTC-EUR;01:02:00;6349.91;0.03794559;buy;136.0
676;BTC-EUR;01:02:00;6349.92;0.12192651;buy;136.0
677;BTC-EUR;01:02:02;6356.77;0.01001791;sell;136.0
678;BTC-EUR;01:02:24;6356.18;0.01573271;sell;137.0
679;BTC-EUR;01:02:24;6356.19;0.00517615;sell;137.0
680;BTC-EUR;01:02:27;6356.09;0.00289829;sell;137.0
681;BTC-EUR;01:02:29;6355.81;0.01573363;sell;137.0
682;BTC-EUR;01:02:31;6355.54;0.08560676;sell;137.0
683;BTC-EUR;01:03:01;6357.25;0.00831973;sell;137.0
684;BTC-EUR;01:03:03;6353.22;0.00447402;buy;137.0
685;BTC-EUR;01:03:03;6357.25;0.00157379;sell;137.0
686;BTC-EUR;01:03:16;6357.0;0.01;sell;138.0
687;BTC-EUR;01:03:16;6357.25;0.03214447;sell;138.0
688;BTC-EUR;01:03:22;6360.37;0.0475;sell;138.0
689;BTC-EUR;01:03:22;6361.74;0.01416434;sell;138.0
690;BTC-EUR;01:03:42;6362.36;0.01571743;sell;138.0
691;BTC-EUR;01:03:55;6358.38;0.0475;buy;138.0
692;BTC-EUR;01:03:58;6358.37;0.00872814;sell;138.0
693;BTC-EUR;01:04:02;6356.64;0.00157394;sell;138.0
694;BTC-EUR;01:04:04;6355.94;0.00257482;sell;138.0
695;BTC-EUR;01:04:06;6355.75;0.003;sell;138.0
696;BTC-EUR;01:04:10;6354.62;0.01573658;sell;138.0
697;BTC-EUR;01:04:26;6349.0;0.036;buy;139.0
698;BTC-EUR;01:04:32;6341.47;0.003;buy;139.0
699;BTC-EUR;01:04:37;6341.47;0.047;buy;139.0
700;BTC-EUR;01:04:39;6345.32;0.00157675;sell;139.0
701;BTC-EUR;01:04:48;6342.85;0.00197819;sell;139.0
702;BTC-EUR;01:04:49;6343.2;0.00290359;sell;139.0
703;BTC-EUR;01:04:52;6342.78;0.00157738;sell;139.0
704;BTC-EUR;01:05:02;6336.84;0.02268927;buy;139.0
705;BTC-EUR;01:05:11;6342.37;0.00236465;sell;139.0
706;BTC-EUR;01:05:17;6342.37;0.00315339;sell;140.0
707;BTC-EUR;01:05:24;6342.37;1.96e-06;sell;140.0
708;BTC-EUR;01:05:24;6342.37;0.05048;sell;140.0
709;BTC-EUR;01:05:24;6342.47;0.28359804;sell;140.0
710;BTC-EUR;01:05:55;6342.47;1.96e-06;sell;140.0
711;BTC-EUR;01:05:55;6342.47;0.00799804;sell;140.0
712;BTC-EUR;01:06:00;6350.5;0.00157546;sell;140.0
713;BTC-EUR;01:06:03;6350.08;0.03917371;sell;140.0
714;BTC-EUR;01:06:21;6347.8;0.00157928;sell;141.0
715;BTC-EUR;01:06:34;6351.61;0.136;sell;141.0
716;BTC-EUR;01:07:12;6349.86;0.00627084;sell;141.0
717;BTC-EUR;01:07:44;6346.66;0.0475;sell;142.0
718;BTC-EUR;01:07:47;6350.43;0.0159888;sell;142.0
719;BTC-EUR;01:07:50;6350.43;0.0765112;sell;142.0
720;BTC-EUR;01:07:50;6354.08;0.0475;sell;142.0
721;BTC-EUR;01:07:50;6354.68;0.03033896;sell;142.0
722;BTC-EUR;01:09:43;6351.76;0.03163427;buy;144.0
723;BTC-EUR;01:10:01;6352.15;0.00159411;buy;144.0
724;BTC-EUR;01:10:02;6352.15;0.00595456;buy;144.0
725;BTC-EUR;01:10:02;6352.15;0.0384232;buy;144.0
726;BTC-EUR;01:10:05;6352.11;0.0439;buy;144.0
727;BTC-EUR;01:10:14;6350.0;0.001;buy;144.0
728;BTC-EUR;01:10:28;6352.13;0.0150613;sell;145.0
729;BTC-EUR;01:10:36;6352.16;0.02259007;sell;145.0
730;BTC-EUR;01:10:44;6345.82;0.02259007;buy;145.0
731;BTC-EUR;01:11:00;6351.32;0.02259366;sell;145.0
732;BTC-EUR;01:11:08;6345.83;0.02259366;buy;145.0
733;BTC-EUR;01:11:31;6349.55;0.073823;sell;146.0
734;BTC-EUR;01:11:38;6348.87;0.01642083;sell;146.0
735;BTC-EUR;01:13:09;6350.65;0.0078356;sell;147.0
736;BTC-EUR;01:13:32;6349.57;0.00548607;sell;148.0
737;BTC-EUR;01:14:32;6350.65;0.0057956;sell;149.0
738;BTC-EUR;01:14:37;6345.83;0.0265089;buy;149.0
739;BTC-EUR;01:14:37;6348.0;0.0213;buy;149.0
740;BTC-EUR;01:14:44;6345.83;0.05787;buy;149.0
741;BTC-EUR;01:14:44;6345.83;0.4;buy;149.0
742;BTC-EUR;01:14:51;6345.84;0.04803954;sell;149.0
743;BTC-EUR;01:15:02;6340.0;0.00751009;buy;149.0
744;BTC-EUR;01:15:02;6345.83;1.1e-06;buy;149.0
745;BTC-EUR;01:15:20;6349.4;0.00392756;sell;150.0
746;BTC-EUR;01:15:22;6344.07;0.0485496;buy;150.0
747;BTC-EUR;01:15:26;6348.38;0.0043898;sell;150.0
748;BTC-EUR;01:16:24;6344.5;0.00116822;buy;151.0
749;BTC-EUR;01:16:26;6347.99;0.01551946;sell;151.0
750;BTC-EUR;01:16:30;6347.92;0.021;sell;151.0
751;BTC-EUR;01:16:30;6348.0;0.979;sell;151.0
752;BTC-EUR;01:18:01;6337.27;0.1686795;buy;152.0
753;BTC-EUR;01:18:01;6339.0;0.03135;buy;152.0
754;BTC-EUR;01:18:01;6339.19;0.24147962;buy;152.0
755;BTC-EUR;01:18:01;6339.27;0.0749;buy;152.0
756;BTC-EUR;01:18:01;6339.29;0.0475;buy;152.0
757;BTC-EUR;01:18:01;6339.3;0.21598021;buy;152.0
758;BTC-EUR;01:18:07Z;6337.28;0.03059;buy;152.0
759;BTC-EUR;01:18:16;6335.16;0.04949628;buy;153.0
760;BTC-EUR;01:18:16;6335.16;0.06963605;buy;153.0
761;BTC-EUR;01:18:16;6337.28;0.00311618;buy;153.0
762;BTC-EUR;01:18:37;6340.44;0.06589271;buy;153.0
763;BTC-EUR;01:18:51;6341.0;0.01508909;sell;153.0
764;BTC-EUR;01:19:01;6337.47;0.12897856;buy;153.0
765;BTC-EUR;01:19:01;6340.0;0.012;buy;153.0
766;BTC-EUR;01:19:17;6339.65;0.02108741;buy;154.0
767;BTC-EUR;01:20:01;6337.2;0.04214447;buy;154.0
768;BTC-EUR;01:20:02;6337.57;0.10547267;buy;154.0
769;BTC-EUR;01:20:36;6338.5;0.00296713;buy;155.0
770;BTC-EUR;01:21:33;6342.19;0.002;buy;156.0
771;BTC-EUR;01:21:46;6342.44;0.05965;sell;156.0
772;BTC-EUR;01:21:46;6342.44;0.26;sell;156.0
773;BTC-EUR;01:21:46;6342.44;0.30035;sell;156.0
774;BTC-EUR;01:21:57;6342.75;0.03649524;buy;156.0
775;BTC-EUR;01:22:13;6343.0;0.01434392;sell;156.0
776;BTC-EUR;01:22:13;6343.0;0.01659368;sell;156.0
777;BTC-EUR;01:22:47;6343.0;8.17e-06;sell;157.0
778;BTC-EUR;01:22:47;6343.0;0.0020861;sell;157.0
779;BTC-EUR;01:22:47;6343.0;0.0021039;sell;157.0
780;BTC-EUR;01:22:47;6343.0;0.2992739;sell;157.0
781;BTC-EUR;01:22:47;6343.0;0.3207261;sell;157.0
782;BTC-EUR;01:22:56;6346.35;0.01659368;buy;157.0
783;BTC-EUR;01:23:20;6347.0;0.008;sell;158.0
784;BTC-EUR;01:23:20;6347.0;0.292;sell;158.0
785;BTC-EUR;01:23:22;6347.0;0.00939;sell;158.0
786;BTC-EUR;01:24:01;6350.82;0.0475;sell;158.0
787;BTC-EUR;01:24:01;6350.83;0.0158;sell;158.0
788;BTC-EUR;01:24:01;6350.83;0.30143;sell;158.0
789;BTC-EUR;01:24:01;6350.83;0.53234;sell;158.0
790;BTC-EUR;01:24:01;6354.25;0.018;sell;158.0
791;BTC-EUR;01:24:01;6354.27;0.07268948;sell;158.0
792;BTC-EUR;01:24:19;6348.94;0.00141202;sell;159.0
793;BTC-EUR;01:24:54;6347.02;0.01884488;sell;159.0
794;BTC-EUR;01:25:00;6347.02;0.02865512;sell;159.0
795;BTC-EUR;01:25:00;6347.03;0.30145;sell;159.0
796;BTC-EUR;01:25:03;6349.85;0.00290082;sell;159.0
797;BTC-EUR;01:25:27;6349.37;0.023861;buy;160.0
798;BTC-EUR;01:25:27;6349.38;0.52242339;sell;160.0
799;BTC-EUR;01:25:34;6349.37;0.12854518;buy;160.0
800;BTC-EUR;01:25:47;6349.56;0.0782188;sell;160.0
801;BTC-EUR;01:25:59;6349.64;0.00157928;sell;160.0
802;BTC-EUR;01:25:59;6349.93;0.07562482;sell;160.0
803;BTC-EUR;01:26:00;6349.93;0.09437518;sell;160.0
804;BTC-EUR;01:26:20;6348.53;0.3;buy;161.0
805;BTC-EUR;01:26:20;6348.53;1.2;buy;161.0
806;BTC-EUR;01:26:20;6348.53;1.299;buy;161.0
807;BTC-EUR;01:27:38;6331.76;0.05486411;buy;162.0
808;BTC-EUR;01:27:48;6331.76;3.94;buy;162.0
809;BTC-EUR;01:27:52;6331.86;0.0151076;sell;162.0
810;BTC-EUR;01:28:19;6330.31;0.50444827;sell;163.0
811;BTC-EUR;01:28:19;6330.43;0.0475;sell;163.0
812;BTC-EUR;01:28:36;6336.53;0.65;buy;163.0
813;BTC-EUR;01:29:02;6336.62;0.0395537;sell;163.0
814;BTC-EUR;01:29:15;6335.09;0.01382336;buy;164.0
815;BTC-EUR;01:29:59;6335.09;1.19;buy;164.0
816;BTC-EUR;01:30:00;6335.7;0.00922913;sell;164.0
817;BTC-EUR;01:30:02;6335.69;0.63559793;sell;164.0
818;BTC-EUR;01:30:34;6335.1;0.53567488;sell;165.0
819;BTC-EUR;01:30:34;6335.11;0.53567488;sell;165.0
820;BTC-EUR;01:30:34;6335.44;0.82;sell;165.0
821;BTC-EUR;01:30:42;6339.07;0.06;sell;165.0
822;BTC-EUR;01:30:58;6337.8;0.63459793;buy;165.0
823;BTC-EUR;01:31:34;6339.46;0.022389;sell;166.0
824;BTC-EUR;01:31:38;6340.77;0.02307153;sell;166.0
825;BTC-EUR;01:32:20;6339.66;0.0036899;sell;167.0
826;BTC-EUR;01:32:50;6340.5;0.00156931;sell;167.0
827;BTC-EUR;01:33:16;6339.0;0.13498125;buy;168.0
828;BTC-EUR;01:33:17;6339.0;0.00275472;buy;168.0
829;BTC-EUR;01:33:59;6336.99;0.00239064;buy;168.0
830;BTC-EUR;01:34:05;6334.25;0.01545121;buy;168.0
831;BTC-EUR;01:34:05;6335.0;0.044;buy;168.0
832;BTC-EUR;01:34:05;6336.99;4.879e-05;buy;168.0
833;BTC-EUR;01:34:31;6336.74;0.04487355;sell;169.0
834;BTC-EUR;01:35:02;6329.02;0.0043898;buy;169.0
835;BTC-EUR;01:35:06;6332.8;0.002;sell;169.0
836;BTC-EUR;01:35:15;6336.56;0.20896031;sell;169.0
837;BTC-EUR;01:35:58;6329.82;0.002175;buy;170.0
838;BTC-EUR;01:36:42;6333.35;0.00435302;sell;171.0
839;BTC-EUR;01:37:32;6332.1;0.0039222;sell;172.0
840;BTC-EUR;01:38:46;6336.56;0.015;sell;173.0
841;BTC-EUR;01:38:47;6336.3;0.00190025;buy;173.0
842;BTC-EUR;01:38:50;6337.4;0.589;sell;173.0
843;BTC-EUR;01:38:51;6337.84;0.00369176;sell;173.0
844;BTC-EUR;01:38:52;6337.84;0.00202543;sell;173.0
845;BTC-EUR;01:38:54;6341.09;0.00405473;sell;173.0
846;BTC-EUR;01:39:19;6340.17;0.00405473;buy;174.0
847;BTC-EUR;01:39:35;6340.17;0.09511672;buy;174.0
848;BTC-EUR;01:40:02;6340.76;0.00141202;buy;174.0
849;BTC-EUR;01:40:28;6341.1;0.00290424;sell;175.0
850;BTC-EUR;01:40:40;6342.03;0.00753093;sell;175.0
851;BTC-EUR;01:41:08;6334.78;0.004115;buy;175.0
852;BTC-EUR;01:43:40;6332.29;2.66;buy;178.0
853;BTC-EUR;01:44:58;6331.69;0.00141591;sell;179.0
854;BTC-EUR;01:45:01;6328.65;0.00290082;buy;179.0
855;BTC-EUR;01:45:02;6328.65;0.0151076;buy;179.0
856;BTC-EUR;01:45:38;6328.74;0.003392;buy;180.0
857;BTC-EUR;01:45:49;6330.0;7.4e-07;sell;180.0
858;BTC-EUR;01:45:49;6330.0;0.11004;sell;180.0
859;BTC-EUR;01:45:49;6330.0;0.32261;sell;180.0
860;BTC-EUR;01:45:52;6332.29;0.00290857;sell;180.0
861;BTC-EUR;01:46:01;6332.29;0.00799346;sell;180.0
862;BTC-EUR;01:46:07;6331.83;0.02616689;buy;180.0
863;BTC-EUR;01:46:28;6332.29;0.00393817;sell;181.0
864;BTC-EUR;01:46:48;6332.29;0.001;sell;181.0
865;BTC-EUR;01:47:29;6330.96;0.0039557;buy;182.0
866;BTC-EUR;01:48:18;6332.29;0.01510986;sell;183.0
867;BTC-EUR;01:48:59;6332.15;0.06974054;sell;183.0
868;BTC-EUR;01:50:02;6330.6;0.06;buy;184.0
869;BTC-EUR;01:50:36;6331.62;0.0392902;sell;185.0
870;BTC-EUR;01:51:31;6331.62;5.96e-06;sell;186.0
871;BTC-EUR;01:51:31;6331.62;0.00347;sell;186.0
872;BTC-EUR;01:51:34;6332.29;0.02039145;sell;186.0
873;BTC-EUR;01:51:40;6335.0;0.06;sell;186.0
874;BTC-EUR;01:51:49;6335.0;0.00767278;sell;186.0
875;BTC-EUR;01:52:21;6335.0;0.00196492;sell;187.0
876;BTC-EUR;01:52:21;6335.0;0.01570678;sell;187.0
877;BTC-EUR;01:52:53;6333.43;0.01957183;sell;187.0
878;BTC-EUR;01:55:52;6332.13;0.33244651;sell;190.0
879;BTC-EUR;01:57:03;6328.21;0.00236923;buy;191.0
880;BTC-EUR;01:57:08;6328.21;0.00146748;buy;191.0
881;BTC-EUR;01:57:14;6333.27;0.15294465;sell;191.0
882;BTC-EUR;01:57:14;6333.36;1.4513;sell;191.0
883;BTC-EUR;01:57:14;6335.75;0.18349306;sell;191.0
884;BTC-EUR;01:57:49;6334.83;0.003;sell;192.0
885;BTC-EUR;01:58:59;6340.39;0.00125741;sell;193.0
886;BTC-EUR;01:59:12;6339.86;0.00832122;sell;193.0
887;BTC-EUR;01:59:24;6333.9;0.00125741;buy;194.0
888;BTC-EUR;01:59:44;6338.86;0.00290567;sell;194.0
889;BTC-EUR;02:00:08;6340.68;0.00156927;sell;194.0
890;BTC-EUR;02:00:19;6340.68;0.002;sell;195.0
891;BTC-EUR;02:00:28;6340.68;0.002;sell;195.0
892;BTC-EUR;02:00:49;6340.68;0.00125699;sell;195.0
893;BTC-EUR;02:01:11;6337.42;0.00125699;buy;195.0
894;BTC-EUR;02:01:25;6340.68;5.0;sell;196.0
895;BTC-EUR;02:01:35;6340.68;0.36106;sell;196.0
896;BTC-EUR;02:01:35;6340.68;2.27347374;sell;196.0
897;BTC-EUR;02:02:20;6344.11;0.01521569;sell;197.0
898;BTC-EUR;02:02:43;6342.1;0.00182081;buy;197.0
899;BTC-EUR;02:04:02;6334.39;0.96038274;buy;198.0
900;BTC-EUR;02:04:02;6340.0;0.02;buy;198.0
901;BTC-EUR;02:04:29;6337.24;0.01811477;sell;199.0
902;BTC-EUR;02:05:02;6332.17;0.01510986;buy;199.0
903;BTC-EUR;02:05:03;6336.82;0.00518358;sell;199.0
904;BTC-EUR;02:05:50;6338.28;0.01645325;sell;200.0
905;BTC-EUR;02:06:00;6332.93;0.01645325;buy;200.0
906;BTC-EUR;02:06:04;6339.99;0.007406;sell;200.0
907;BTC-EUR;02:06:08;6339.51;0.01687347;sell;200.0
908;BTC-EUR;02:06:37;6336.65;0.00518319;sell;201.0
909;BTC-EUR;02:06:39;6333.01;0.00158219;buy;201.0
910;BTC-EUR;02:07:03;6333.01;0.00158696;buy;201.0
911;BTC-EUR;02:07:05;6333.03;0.00518319;buy;201.0
912;BTC-EUR;02:07:22;6336.99;0.00518292;sell;202.0
913;BTC-EUR;02:07:38;6336.77;0.0242;sell;202.0
914;BTC-EUR;02:08:02;6339.82;0.00439602;sell;202.0
915;BTC-EUR;02:08:10Z;6334.2;0.0242;buy;203.0
916;BTC-EUR;02:08:45;6338.5;0.07872556;sell;203.0
917;BTC-EUR;02:08:48;6338.5;0.00163673;sell;203.0
918;BTC-EUR;02:10:02;6335.96;0.06;buy;204.0
919;BTC-EUR;02:10:37;6337.13;0.0023621;buy;205.0
920;BTC-EUR;02:10:55;6337.13;0.02263;buy;205.0
921;BTC-EUR;02:11:33;6330.59;0.10384814;buy;206.0
922;BTC-EUR;02:11:45;6338.94;0.0242;sell;206.0
923;BTC-EUR;02:12:32;6333.83;0.12998717;buy;207.0
924;BTC-EUR;02:14:09;6337.22;0.01523018;sell;208.0
925;BTC-EUR;02:14:36;6338.97;0.31393897;sell;209.0
926;BTC-EUR;02:15:01;6333.41;0.00290567;buy;209.0
927;BTC-EUR;02:15:41;6339.48;0.0164518;sell;210.0
928;BTC-EUR;02:16:23;6332.8;0.00198759;buy;211.0
929;BTC-EUR;02:16:59;6339.37;0.006;sell;211.0
930;BTC-EUR;02:16:59;6340.0;0.74865935;sell;211.0
931;BTC-EUR;02:17:02;6339.97;0.01645093;sell;211.0
932;BTC-EUR;02:18:40;6339.49;0.0015908;sell;213.0
933;BTC-EUR;02:19:01;6339.49;0.00290281;sell;213.0
934;BTC-EUR;02:21:09;6329.04;1.00883192;buy;215.0
935;BTC-EUR;02:21:16;6333.92;0.00754189;sell;216.0
936;BTC-EUR;02:21:39;6333.3;0.31010279;sell;216.0
937;BTC-EUR;02:22:29;6326.94;0.05520227;buy;217.0
938;BTC-EUR;02:22:41;6329.83;0.00974661;sell;217.0
939;BTC-EUR;02:22:42;6330.84;0.00622335;sell;217.0
940;BTC-EUR;02:22:54;6329.59;0.03779099;sell;217.0
941;BTC-EUR;02:23:50;6326.93;0.00476547;buy;218.0
942;BTC-EUR;02:24:05;6328.5;0.00965701;sell;218.0
943;BTC-EUR;02:24:09;6323.65;0.00092118;buy;218.0
944;BTC-EUR;02:24:09;6326.93;0.00035682;buy;218.0
945;BTC-EUR;02:24:18;6327.66;0.04535919;sell;219.0
946;BTC-EUR;02:24:27;6324.56;0.00191;buy;219.0
947;BTC-EUR;02:25:02;6323.3;0.00517559;buy;219.0
948;BTC-EUR;02:25:02;6324.56;7.99e-06;buy;219.0
949;BTC-EUR;02:25:40;6319.85;0.07250048;buy;220.0
950;BTC-EUR;02:25:40;6320.34;0.18;buy;220.0
951;BTC-EUR;02:25:40;6320.35;0.0475;buy;220.0
952;BTC-EUR;02:25:40;6321.0;0.0052779;buy;220.0
953;BTC-EUR;02:25:40;6323.3;0.00482441;buy;220.0
954;BTC-EUR;02:25:41;6324.53;0.00186769;sell;220.0
955;BTC-EUR;02:26:02;6319.9;0.00170018;buy;220.0
956;BTC-EUR;02:26:22;6324.16;0.00394323;sell;221.0
957;BTC-EUR;02:27:27;6324.2;0.001873;buy;222.0
958;BTC-EUR;02:28:00;6324.98;0.24901849;sell;222.0
959;BTC-EUR;02:28:00;6324.99;0.27210909;sell;222.0
960;BTC-EUR;02:28:00;6325.27;0.42253556;sell;222.0
961;BTC-EUR;02:28:03;6325.24;0.03025476;sell;222.0
962;BTC-EUR;02:28:33;6327.19;0.02192858;sell;223.0
963;BTC-EUR;02:28:35;6327.19;0.02557142;sell;223.0
964;BTC-EUR;02:28:35;6328.49;0.00467473;sell;223.0
965;BTC-EUR;02:28:45;6328.49;0.0044063;sell;223.0
966;BTC-EUR;02:28:51;6328.48;0.01247301;sell;223.0
967;BTC-EUR;02:29:01;6324.0;0.0044063;buy;223.0
968;BTC-EUR;02:29:03;6327.74;0.0302417;sell;223.0
969;BTC-EUR;02:30:12;6328.39;0.00786147;sell;224.0
970;BTC-EUR;02:30:15;6328.34;0.002;sell;225.0
971;BTC-EUR;02:30:17;6328.34;0.002;sell;225.0
972;BTC-EUR;02:30:45;6324.0;0.00746761;buy;225.0
973;BTC-EUR;02:31:17;6328.22;0.01453994;sell;226.0
974;BTC-EUR;02:31:44;6328.44;0.01053598;sell;226.0
975;BTC-EUR;02:34:40;6320.92;0.3554293;buy;229.0
976;BTC-EUR;02:34:40;6321.73;0.366;buy;229.0
977;BTC-EUR;02:34:40;6321.74;0.0822;buy;229.0
978;BTC-EUR;02:34:40;6322.07;0.18;buy;229.0
979;BTC-EUR;02:34:40;6324.0;0.07348234;buy;229.0
980;BTC-EUR;02:34:40;6324.0;0.97385124;buy;229.0
981;BTC-EUR;02:34:40;6324.2;0.0475;buy;229.0
982;BTC-EUR;02:34:40;6324.22;2.4;buy;229.0
983;BTC-EUR;02:34:40;6324.24;2.4;buy;229.0
984;BTC-EUR;02:34:40;6324.25;1.2;buy;229.0
985;BTC-EUR;02:35:02;6318.72;0.36811163;buy;229.0
986;BTC-EUR;02:35:02;6318.73;0.3385;buy;229.0
987;BTC-EUR;02:35:02;6319.85;0.0164518;buy;229.0
988;BTC-EUR;02:35:02;6319.85;0.04804772;buy;229.0
989;BTC-EUR;02:35:15;6323.11;0.00679722;sell;229.0
990;BTC-EUR;02:36:20;6320.84;0.0142394;sell;231.0
991;BTC-EUR;02:36:47;6322.92;0.0475;sell;231.0
992;BTC-EUR;02:36:47;6323.3;0.3325;sell;231.0
993;BTC-EUR;02:36:51;6319.3;0.00202543;buy;231.0
994;BTC-EUR;02:37:27;6322.59;0.00674458;sell;232.0
995;BTC-EUR;02:37:35;6322.59;0.00598187;sell;232.0
996;BTC-EUR;02:38:07;6322.11;0.0135;buy;232.0
997;BTC-EUR;02:38:10;6324.48;0.00260816;sell;232.0
998;BTC-EUR;02:38:55;6324.87;0.00872439;sell;233.0
999;BTC-EUR;02:40:02;6321.66;0.00974661;buy;234.0
1000;BTC-EUR;02:40:34;6322.47;0.00126061;sell;235.0
1001;BTC-EUR;02:40:54;6319.32;0.00110376;sell;235.0
1002;BTC-EUR;02:41:14;6316.4;0.05504421;buy;235.0
1003;BTC-EUR;02:41:15;6316.4;0.00872439;buy;236.0
1004;BTC-EUR;02:41:19;6314.81;0.00506577;buy;236.0
1005;BTC-EUR;02:41:19;6316.4;4.23e-06;buy;236.0
1006;BTC-EUR;02:41:19;6316.4;0.8;buy;236.0
1007;BTC-EUR;02:41:19;6316.4;0.9;buy;236.0
1008;BTC-EUR;02:41:19;6316.4;3.48192;buy;236.0
1009;BTC-EUR;02:41:20;6313.6;0.00825032;buy;236.0
1010;BTC-EUR;02:41:20;6313.8;9.68e-06;buy;236.0
1011;BTC-EUR;02:41:20;6313.8;0.11999032;buy;236.0
1012;BTC-EUR;02:41:20;6314.81;9.68e-06;buy;236.0
1013;BTC-EUR;02:41:26;6313.6;1.768e-05;buy;236.0
1014;BTC-EUR;02:41:32;6311.92;0.00835438;sell;236.0
1015;BTC-EUR;02:42:15;6310.63;0.0475;sell;237.0
1016;BTC-EUR;02:42:15;6310.8;0.10409473;sell;237.0
1017;BTC-EUR;02:42:16;6309.04;0.81807;buy;237.0
1018;BTC-EUR;02:42:17;6305.99;0.001;buy;237.0
1019;BTC-EUR;02:42:17;6307.63;0.0010335;buy;237.0
1020;BTC-EUR;02:42:17;6308.1;0.025;buy;237.0
1021;BTC-EUR;02:42:17;6308.2;4.71e-06;buy;237.0
1022;BTC-EUR;02:42:17;6308.2;0.00867;buy;237.0
1023;BTC-EUR;02:42:17;6308.2;1.98999369;buy;237.0
1024;BTC-EUR;02:42:17;6309.04;6.31e-06;buy;237.0
1025;BTC-EUR;02:42:19;6304.74;0.00941;buy;237.0
1026;BTC-EUR;02:42:19;6304.74;0.03;buy;237.0
1027;BTC-EUR;02:42:19;6304.74;0.9625;buy;237.0
1028;BTC-EUR;02:42:19;6304.75;0.0475;buy;237.0
1029;BTC-EUR;02:42:21;6302.0;0.00101319;buy;237.0
1030;BTC-EUR;02:42:21;6304.74;6.81e-06;buy;237.0
1031;BTC-EUR;02:42:33;6295.55;1.28366355;buy;237.0
1032;BTC-EUR;02:42:33;6295.61;0.13975661;buy;237.0
1033;BTC-EUR;02:42:33;6295.61;0.22724339;buy;237.0
1034;BTC-EUR;02:42:33;6296.23;0.27;buy;237.0
1035;BTC-EUR;02:42:33;6297.56;0.00100903;buy;237.0
1036;BTC-EUR;02:42:33;6297.71;0.00415883;buy;237.0
1037;BTC-EUR;02:42:33;6298.1;0.025;buy;237.0
1038;BTC-EUR;02:42:33;6300.0;0.00292339;buy;237.0
1039;BTC-EUR;02:42:33;6302.0;1.414e-05;buy;237.0
1040;BTC-EUR;02:42:54;6300.0;0.33167852;sell;237.0
1041;BTC-EUR;02:43:28;6310.08;0.07769315;sell;238.0
1042;BTC-EUR;02:43:38;6308.03;0.001892;buy;238.0
1043;BTC-EUR;02:43:52;6313.23;0.00370396;sell;238.0
1044;BTC-EUR;02:43:58;6313.23;0.00441644;sell;238.0
1045;BTC-EUR;02:44:08;6314.36;0.00598963;sell;238.0
1046;BTC-EUR;02:44:18;6312.38;0.0020532;buy;239.0
1047;BTC-EUR;02:44:32;6315.15;0.0044133;sell;239.0
1048;BTC-EUR;02:45:02;6310.85;0.01363161;buy;239.0
1049;BTC-EUR;02:45:02;6310.85;0.01595072;buy;239.0
1050;BTC-EUR;02:45:02;6310.85;0.0302417;buy;239.0
1051;BTC-EUR;02:45:02;6310.86;0.01662315;buy;239.0
1052;BTC-EUR;02:45:02;6311.64;0.01429543;buy;239.0
1053;BTC-EUR;02:45:36;6312.83;0.00209395;sell;240.0
1054;BTC-EUR;02:45:36;6315.66;0.02118238;sell;240.0
1055;BTC-EUR;02:46:06;6312.94;0.02327633;buy;240.0
1056;BTC-EUR;02:51:02;6316.07;0.002789;sell;245.0
1057;BTC-EUR;02:51:51;6316.29;0.00756415;sell;246.0
1058;BTC-EUR;02:52:02;6313.78;0.00756415;buy;246.0
1059;BTC-EUR;02:52:12;6316.29;0.00424908;sell;246.0
1060;BTC-EUR;02:52:18;6316.25;0.00260816;buy;247.0
1061;BTC-EUR;02:52:37;6318.55;0.00424908;buy;247.0
1062;BTC-EUR;02:52:56;6319.21;0.00205413;sell;247.0
1063;BTC-EUR;02:54:09;6319.2;0.00143926;sell;248.0
1064;BTC-EUR;02:54:22;6319.2;0.011975;sell;249.0
1065;BTC-EUR;02:54:29;6319.21;0.00232117;sell;249.0
1066;BTC-EUR;02:54:53;6319.21;0.00202508;sell;249.0
1067;BTC-EUR;02:55:02;6316.82;0.38;buy;249.0
1068;BTC-EUR;02:55:43;6320.35;0.025;sell;250.0
1069;BTC-EUR;02:55:43;6322.06;0.03428586;sell;250.0
1070;BTC-EUR;02:56:34;6317.88;0.00412586;buy;251.0
1071;BTC-EUR;02:56:50;6323.84;0.01512994;sell;251.0
1072;BTC-EUR;02:56:58;6323.82;0.01526409;sell;251.0
1073;BTC-EUR;02:57:12;6323.82;0.15130819;sell;251.0
1074;BTC-EUR;02:58:09;6323.09;0.15131537;sell;252.0
1075;BTC-EUR;02:58:37;6320.98;0.07040121;buy;253.0
1076;BTC-EUR;02:59:02;6321.49;0.15135223;sell;253.0
1077;BTC-EUR;02:59:05;6322.63;0.00617966;sell;253.0
1078;BTC-EUR;02:59:20;6321.55;0.00165408;sell;254.0
1079;BTC-EUR;02:59:21;6318.96;0.00159;buy;254.0
1080;BTC-EUR;02:59:30;6318.95;0.00977562;buy;254.0
1081;BTC-EUR;02:59:30;6318.96;0.00165408;buy;254.0
1082;BTC-EUR;02:59:30;6318.96;0.00458966;buy;254.0
1083;BTC-EUR;02:59:39;6321.12;0.018193;sell;254.0
1084;BTC-EUR;03:00:02;6319.47;0.00126061;buy;254.0
1085;BTC-EUR;03:00:02;6319.47;0.00441644;buy;254.0
1086;BTC-EUR;03:00:06;6322.88;0.00755495;sell;254.0
1087;BTC-EUR;03:00:18;6322.88;0.04681884;sell;255.0
1088;BTC-EUR;03:00:34;6323.66;0.00157349;sell;255.0
1089;BTC-EUR;03:00:34;6324.96;0.01512762;sell;255.0
1090;BTC-EUR;03:01:01;6319.98;0.008954;buy;255.0
1091;BTC-EUR;03:01:47;6323.82;0.27;sell;256.0
1092;BTC-EUR;03:01:47;6323.83;0.0075;sell;256.0
1093;BTC-EUR;03:01:47;6323.83;0.04;sell;256.0
1094;BTC-EUR;03:01:47;6324.07;0.27;sell;256.0
1095;BTC-EUR;03:01:47;6325.62;0.3333;sell;256.0
1096;BTC-EUR;03:01:47;6325.75;2.4;sell;256.0
1097;BTC-EUR;03:01:47;6326.15;2.4192;sell;256.0
1098;BTC-EUR;03:01:53;6329.05;9.03e-06;sell;256.0
1099;BTC-EUR;03:01:53;6329.05;0.001;sell;256.0
1100;BTC-EUR;03:01:53;6329.2;0.00414097;sell;256.0
1101;BTC-EUR;03:02:34;6329.2;1.786e-05;sell;257.0
1102;BTC-EUR;03:03:38;6329.47;0.20359527;buy;258.0
1103;BTC-EUR;03:03:38;6329.5;0.031;buy;258.0
1104;BTC-EUR;03:04:28;6333.51;0.00102733;sell;259.0
1105;BTC-EUR;03:04:28;6338.67;0.1348411;sell;259.0
1106;BTC-EUR;03:05:34;6333.69;0.13586843;buy;260.0
1107;BTC-EUR;03:05:41;6336.56;0.00753873;sell;260.0
1108;BTC-EUR;03:06:21;6333.69;0.051;buy;261.0
1109;BTC-EUR;03:06:56;6331.29;0.00949184;buy;261.0
1110;BTC-EUR;03:08:55;6338.36;0.03990012;sell;263.0
1111;BTC-EUR;03:11:05;6329.76;0.002;buy;265.0
1112;BTC-EUR;03:11:07;6329.76;0.00512463;buy;265.0
1113;BTC-EUR;03:11:17;6332.45;0.00141575;sell;266.0
1114;BTC-EUR;03:11:56;6332.42;0.02265305;sell;266.0
1115;BTC-EUR;03:13:22;6330.26;0.00202508;buy;268.0
1116;BTC-EUR;03:13:23;6332.82;0.04532689;sell;268.0
1117;BTC-EUR;03:13:53;6333.03;0.07555226;sell;268.0
1118;BTC-EUR;03:13:54;6333.03;0.00290852;sell;268.0
1119;BTC-EUR;03:14:00;6332.39;0.0267821;sell;268.0
1120;BTC-EUR;03:15:02;6330.49;0.01512994;buy;269.0
1121;BTC-EUR;03:15:32;6330.78;0.001627;buy;270.0
1122;BTC-EUR;03:15:49;6332.39;0.15110341;sell;270.0
1123;BTC-EUR;03:15:55;6332.39;0.00836974;sell;270.0
1124;BTC-EUR;03:16:20;6332.18;0.00836974;buy;271.0
1125;BTC-EUR;03:17:03;6332.39;0.02266481;sell;271.0
1126;BTC-EUR;03:19:19;6332.19;0.00187083;buy;274.0
1127;BTC-EUR;03:19:25;6332.19;0.07555226;buy;274.0
1128;BTC-EUR;03:19:52;6332.19;0.06904182;buy;274.0
1129;BTC-EUR;03:19:55;6332.24;0.04533226;sell;274.0
1130;BTC-EUR;03:20:04;6332.39;1.81653044;sell;274.0
1131;BTC-EUR;03:21:12;6338.0;0.03867221;sell;275.0
1132;BTC-EUR;03:21:21;6337.95;0.00366918;sell;276.0
1133;BTC-EUR;03:21:23;6337.94;0.17522298;buy;276.0
1134;BTC-EUR;03:23:52;6328.82;0.004182;buy;278.0
1135;BTC-EUR;03:24:26;6331.69;0.05714997;buy;279.0
1136;BTC-EUR;03:25:04;6334.76;0.00424099;sell;279.0
1137;BTC-EUR;03:25:32;6330.15;0.001628;buy;280.0
1138;BTC-EUR;03:25:41;6335.28;0.00753974;sell;280.0
1139;BTC-EUR;03:25:57;6335.27;0.01510214;sell;280.0
1140;BTC-EUR;03:26:19;6335.2;0.01130867;sell;281.0
1141;BTC-EUR;03:26:28;6334.74;0.005214;sell;281.0
1142;BTC-EUR;03:27:06;6332.05;0.00754416;sell;281.0
1143;BTC-EUR;03:27:16;6327.94;0.00713683;buy;282.0
1144;BTC-EUR;03:29:00;6326.06;0.17127645;buy;283.0
1145;BTC-EUR;03:29:00;6327.93;0.00318963;buy;283.0
1146;BTC-EUR;03:29:00;6327.94;0.07115124;buy;283.0
1147;BTC-EUR;03:29:08;6330.92;0.00967917;sell;283.0
1148;BTC-EUR;03:29:13;6330.92;0.04086453;sell;283.0
1149;BTC-EUR;03:30:02;6331.31;0.04343723;buy;284.0
1150;BTC-EUR;03:30:02;6331.32;0.00188966;buy;284.0
1151;BTC-EUR;03:30:27;6338.0;0.26132779;sell;285.0
1152;BTC-EUR;03:30:28;6339.17;0.0010335;sell;285.0
1153;BTC-EUR;03:32:06;6335.62;0.01645735;buy;286.0
1154;BTC-EUR;03:32:43;6336.75;0.0018193;sell;287.0
1155;BTC-EUR;03:32:43;6341.37;0.14917968;sell;287.0
1156;BTC-EUR;03:33:16;6333.95;0.00181931;buy;288.0
1157;BTC-EUR;03:33:16;6333.96;0.14917967;buy;288.0
1158;BTC-EUR;03:33:30;6333.93;0.0073;buy;288.0
1159;BTC-EUR;03:34:38;6340.84;0.01226388;sell;289.0
1160;BTC-EUR;03:34:46;6336.17;0.008;buy;289.0
1161;BTC-EUR;03:34:51;6336.12;0.008;buy;289.0
1162;BTC-EUR;03:34:51;6336.17;0.00426388;buy;289.0
1163;BTC-EUR;03:35:02;6334.2;0.02266481;buy;289.0
1164;BTC-EUR;03:35:42;6334.27;0.003;buy;290.0
1165;BTC-EUR;03:36:47;6339.9;0.00290454;sell;291.0
1166;BTC-EUR;03:36:49;6339.76;0.00783331;sell;291.0
1167;BTC-EUR;03:37:17;6337.4;0.08303623;sell;292.0
1168;BTC-EUR;03:38:22;6336.81;0.01224596;sell;293.0
1169;BTC-EUR;03:41:11;6330.8;0.002;buy;295.0
1170;BTC-EUR;03:41:11;6330.85;0.002;buy;295.0
1171;BTC-EUR;03:42:16;6336.81;0.00741153;sell;297.0
1172;BTC-EUR;03:42:40;6336.81;0.00416777;sell;297.0
1173;BTC-EUR;03:42:40;6340.04;0.0109269;sell;297.0
1174;BTC-EUR;03:42:53;6339.76;0.00161435;sell;297.0
1175;BTC-EUR;03:43:14;6339.13;0.00164964;sell;297.0
1176;BTC-EUR;03:43:53;6334.56;0.1730787;buy;298.0
1177;BTC-EUR;03:43:53;6334.6;0.00161435;buy;298.0
1178;BTC-EUR;03:43:53;6334.6;0.00673785;buy;298.0
1179;BTC-EUR;03:44:30;6334.55;0.14041411;buy;299.0
1180;BTC-EUR;03:44:30;6334.6;0.2132152;buy;299.0
1181;BTC-EUR;03:44:30;6334.63;0.00808058;buy;299.0
1182;BTC-EUR;03:44:30;6334.64;0.0475;buy;299.0
1183;BTC-EUR;03:44:30;6334.65;0.1264;buy;299.0
1184;BTC-EUR;03:44:40;6338.96;0.22065318;sell;299.0
1185;BTC-EUR;03:44:40;6339.07;0.0475;sell;299.0
1186;BTC-EUR;03:44:40;6339.84;0.22177883;sell;299.0
1187;BTC-EUR;03:44:40;6341.05;0.1265;sell;299.0
1188;BTC-EUR;03:44:40;6341.06;2.22565213;sell;299.0
1189;BTC-EUR;03:45:02;6334.64;0.00754416;buy;299.0
1190;BTC-EUR;22:32:29;6277.28;0.12;sell;1.0
1191;BTC-EUR;22:32:29;6277.68;0.07450538;sell;1.0
1192;BTC-EUR;22:32:45;6269.01;0.71347485;buy;1.0
1193;BTC-EUR;22:33:10;6266.97;0.09848134;buy;1.0
1194;BTC-EUR;22:33:10;6266.98;0.226;buy;1.0
1195;BTC-EUR;22:33:10;6267.23;0.0475;buy;1.0
1196;BTC-EUR;22:33:14;6265.28;0.3039976;buy;1.0
1197;BTC-EUR;22:33:14;6265.4;7.64e-06;buy;1.0
1198;BTC-EUR;22:33:14;6266.85;0.377218;buy;1.0
1199;BTC-EUR;22:33:14;6266.87;0.12;buy;1.0
1200;BTC-EUR;22:33:24;6268.97;0.03712262;sell;1.0
1201;BTC-EUR;22:33:24;6268.97;0.12;sell;1.0
1202;BTC-EUR;22:34:02;6268.9;0.02698441;sell;1.0
1203;BTC-EUR;22:34:14;6268.97;0.12;sell;1.0
1204;BTC-EUR;22:34:14;6268.99;0.18277271;sell;1.0
1205;BTC-EUR;22:34:31;6268.99;0.006594;buy;1.0
1206;BTC-EUR;22:34:34;6269.0;0.0046;sell;1.0
1207;BTC-EUR;22:34:34;6272.55;0.00127136;sell;1.0
1208;BTC-EUR;22:34:34;6272.55;0.04116643;sell;1.0
1209;BTC-EUR;22:34:37;6269.75;0.00750347;buy;1.0
1210;BTC-EUR;22:34:48;6270.49;0.00142927;sell;1.0
1211;BTC-EUR;22:34:54;6270.48;0.0305123;sell;1.0
1212;BTC-EUR;22:34:58;6271.52;0.00761599;sell;1.0
1213;BTC-EUR;22:35:01;6269.34;0.003286;buy;1.0
1214;BTC-EUR;22:35:02;6269.57;0.05498619;buy;1.0
1215;BTC-EUR;22:35:11;6266.35;0.003286;buy;1.0
1216;BTC-EUR;22:35:11;6266.35;0.01812614;buy;1.0
1217;BTC-EUR;22:35:12;6266.35;0.08433729;buy;1.0
1218;BTC-EUR;22:35:15;6272.17;0.00428482;sell;1.0
1219;BTC-EUR;22:35:21;6272.09;0.00158643;sell;1.0
1220;BTC-EUR;22:35:39;6271.03;0.01236732;buy;1.0
1221;BTC-EUR;22:35:41;6271.39;0.001644;buy;1.0
1222;BTC-EUR;22:35:42;6271.48;0.001644;buy;1.0
1223;BTC-EUR;22:35:57;6272.06;0.0090443;sell;1.0
1224;BTC-EUR;22:36:10;6272.08;0.00195592;sell;1.0
1225;BTC-EUR;22:36:10;6272.83;0.00566058;sell;1.0
1226;BTC-EUR;22:36:12;6272.83;0.00825107;sell;1.0
1227;BTC-EUR;22:36:22;6272.8;0.03585681;sell;1.0
1228;BTC-EUR;22:36:30;6272.82;0.00221439;sell;1.0
1229;BTC-EUR;22:36:32;6272.81;0.00372928;sell;1.0
1230;BTC-EUR;22:37:03;6272.83;0.00533932;sell;1.0
1231;BTC-EUR;22:37:05;6272.83;0.0014292;sell;1.0
1232;BTC-EUR;22:37:26;6272.83;0.02288001;sell;1.0
1233;BTC-EUR;22:37:40;6272.62;0.02249455;sell;1.0
1234;BTC-EUR;22:37:42;6272.58;0.00366762;sell;1.0
1235;BTC-EUR;22:38:14;6270.0;0.00231204;buy;1.0
1236;BTC-EUR;22:38:14;6272.0;0.00135558;buy;1.0
1237;BTC-EUR;22:38:24;6271.58;0.00214302;sell;1.0
1238;BTC-EUR;22:38:33;6271.26;0.04302938;sell;1.0
1239;BTC-EUR;22:38:38;6271.04;0.07628452;sell;1.0
1240;BTC-EUR;22:38:42;6270.0;0.14585545;buy;1.0
1241;BTC-EUR;22:38:46;6270.92;0.0625187;sell;1.0
1242;BTC-EUR;22:38:47;6270.0;0.00278;buy;1.0
1243;BTC-EUR;22:38:47;6270.0;0.67278002;buy;1.0
1244;BTC-EUR;22:38:47;6270.0;0.99721998;buy;1.0
1245;BTC-EUR;22:39:01;6268.35;0.002143;buy;1.0
1246;BTC-EUR;22:39:01;6270.0;2e-08;buy;1.0
1247;BTC-EUR;22:39:15;6272.65;0.01525377;sell;1.0
1248;BTC-EUR;22:39:55;6274.89;0.00010107;buy;1.0
1249;BTC-EUR;22:39:55;6274.9;0.00849228;buy;1.0
1250;BTC-EUR;22:40:02;6276.05;0.11349944;buy;1.0
1251;BTC-EUR;22:40:04;6278.54;0.0077671;sell;1.0
1252;BTC-EUR;22:40:28;6278.49;0.00697472;sell;1.0
1253;BTC-EUR;22:40:28;6278.5;0.04571998;sell;1.0
1254;BTC-EUR;22:40:58;6278.52;0.00182414;sell;1.0
1255;BTC-EUR;22:41:09;6278.52;0.00159534;sell;1.0
1256;BTC-EUR;22:41:09;6278.6;0.00617172;sell;1.0
1257;BTC-EUR;22:41:29;6278.26;0.18287818;sell;1.0
1258;BTC-EUR;22:41:41;6276.47;0.00903684;sell;1.0
1259;BTC-EUR;22:41:51;6270.69;0.002623;buy;1.0
1260;BTC-EUR;22:41:55;6276.48;0.17735485;sell;1.0
1261;BTC-EUR;22:42:00;6272.24;0.03722627;buy;1.0
1262;BTC-EUR;22:42:00;6272.24;0.21305377;buy;1.0
1263;BTC-EUR;22:42:23;6275.51;0.0333467;sell;1.0
1264;BTC-EUR;22:42:32;6276.31;0.02134678;sell;1.0
1265;BTC-EUR;22:42:38;6276.32;0.06;sell;1.0
1266;BTC-EUR;22:42:38;6276.34;0.04516496;sell;1.0
1267;BTC-EUR;22:43:16;6279.22;0.1;sell;1.0
1268;BTC-EUR;22:43:25;6273.15;0.01169377;buy;1.0
1269;BTC-EUR;22:44:01;6273.25;0.00224521;buy;1.0
1270;BTC-EUR;22:44:22;6277.58;0.05211478;sell;1.0
1271;BTC-EUR;22:44:22;6277.58;0.71;sell;1.0
1272;BTC-EUR;22:44:28;6278.43;0.00808533;sell;1.0
1273;BTC-EUR;22:44:39;6278.15;0.15211447;sell;1.0
1274;BTC-EUR;22:44:40;6278.15;0.0032633;sell;1.0
1275;BTC-EUR;22:44:41;6275.57;0.001689;buy;1.0
1276;BTC-EUR;22:44:45;6278.16;0.00326331;sell;1.0
1277;BTC-EUR;22:44:51;6278.1;0.00163246;sell;1.0
1278;BTC-EUR;22:44:56;6278.1;0.54013687;sell;1.0
1279;BTC-EUR;22:44:56;6278.13;0.022;sell;1.0
1280;BTC-EUR;22:44:56;6278.43;0.00163246;sell;1.0
1281;BTC-EUR;22:44:56;6278.43;0.19990281;sell;1.0
1282;BTC-EUR;22:45:02;6274.94;0.00872719;buy;1.0
1283;BTC-EUR;22:45:02;6275.8;0.01404803;buy;1.0
1284;BTC-EUR;22:45:05;6278.4;0.002;sell;1.0
1285;BTC-EUR;22:45:13;6279.58;1.45;sell;1.0
1286;BTC-EUR;22:45:49;6279.58;0.0004;sell;1.0
1287;BTC-EUR;22:45:49;6283.11;0.00688661;sell;1.0
1288;BTC-EUR;22:46:26;6283.11;0.00150557;sell;1.0
1289;BTC-EUR;22:46:35;6283.11;0.00126851;sell;1.0
1290;BTC-EUR;22:47:17;6283.11;0.0080782;sell;2.0
1291;BTC-EUR;22:47:20;6283.11;0.17361;sell;2.0
1292;BTC-EUR;22:47:40;6283.11;2.87e-06;sell;2.0
1293;BTC-EUR;22:47:40;6285.22;0.00142264;sell;2.0
1294;BTC-EUR;22:47:40;6286.79;0.00245491;sell;2.0
1295;BTC-EUR;22:47:44;6289.7;0.08132771;sell;2.0
1296;BTC-EUR;22:48:10;6292.73;0.06841834;sell;2.0
1297;BTC-EUR;22:48:11;6285.31;0.15983809;buy;2.0
1298;BTC-EUR;22:48:13;6285.68;0.00608065;buy;2.0
1299;BTC-EUR;22:48:33;6291.03;0.03041851;sell;3.0
1300;BTC-EUR;22:48:54;6289.08;0.00427179;sell;3.0
1301;BTC-EUR;22:48:55;6288.94;0.00180688;sell;3.0
1302;BTC-EUR;22:48:55;6288.95;0.01645042;sell;3.0
1303;BTC-EUR;22:49:14;6290.2;0.00506416;sell;3.0
1304;BTC-EUR;22:49:27;6290.2;0.01521121;sell;4.0
1305;BTC-EUR;22:49:31;6290.19;0.01673298;sell;4.0
1306;BTC-EUR;22:49:45;6286.06;0.103464;buy;4.0
1307;BTC-EUR;22:49:55;6289.75;0.00276861;sell;4.0
1308;BTC-EUR;22:50:01;6286.06;0.00142927;buy;4.0
1309;BTC-EUR;22:50:02;6286.06;0.00761598;buy;4.0
1310;BTC-EUR;22:50:02;6286.06;0.01055223;buy;4.0
1311;BTC-EUR;22:50:04;6289.52;0.0423;sell;4.0
1312;BTC-EUR;22:50:32;6286.46;0.21758122;sell;5.0
1313;BTC-EUR;22:50:32;6286.48;0.16279111;sell;5.0
1314;BTC-EUR;22:51:06;6283.11;0.00830516;buy;5.0
1315;BTC-EUR;22:51:15;6285.49;0.00238605;sell;5.0
1316;BTC-EUR;22:51:41;6287.42;0.00760092;sell;6.0
1317;BTC-EUR;22:51:53;6286.05;0.02282742;sell;6.0
1318;BTC-EUR;22:52:06;6283.34;0.00138363;buy;6.0
1319;BTC-EUR;22:52:52;6286.94;0.0121743;sell;7.0
1320;BTC-EUR;22:53:05;6286.93;0.03181202;sell;7.0
1321;BTC-EUR;22:53:36;6286.0;0.03181202;buy;8.0
1322;BTC-EUR;22:53:50;6290.11;0.001;sell;8.0
1323;BTC-EUR;22:53:50;6290.13;0.00659463;sell;8.0
1324;BTC-EUR;22:54:02;6283.41;0.4322031;buy;8.0
1325;BTC-EUR;22:54:02;6288.99;0.01521139;sell;8.0
1326;BTC-EUR;22:54:49;6287.06;0.01704514;sell;9.0
1327;BTC-EUR;22:55:02;6283.66;0.00761599;buy;9.0
1328;BTC-EUR;22:55:02;6283.7;0.0076165;buy;9.0
1329;BTC-EUR;22:55:09;6292.31;0.04678344;sell;9.0
1330;BTC-EUR;22:55:13;6292.05;0.00348119;sell;9.0
1331;BTC-EUR;22:55:38;6289.9;0.52367889;sell;10.0
1332;BTC-EUR;22:55:38;6289.91;0.2459;sell;10.0
1333;BTC-EUR;22:55:38;6290.25;0.75765784;sell;10.0
1334;BTC-EUR;22:55:53;6285.84;0.00348119;buy;10.0
1335;BTC-EUR;22:56:02;6285.84;0.00164;buy;10.0
1336;BTC-EUR;22:56:57;6287.53;0.01256022;buy;11.0
1337;BTC-EUR;22:57:02;6287.74;0.001639;buy;11.0
1338;BTC-EUR;22:57:40;6296.43;0.03234269;sell;12.0
1339;BTC-EUR;22:57:40;6296.73;0.00409252;sell;12.0
1340;BTC-EUR;22:57:40;6297.29;0.03959841;sell;12.0
1341;BTC-EUR;22:57:51;6297.05;0.11397606;sell;12.0
1342;BTC-EUR;22:58:00;6293.19;0.12621811;buy;12.0
1343;BTC-EUR;22:58:00;6293.2;0.11337118;buy;12.0
1344;BTC-EUR;22:58:20;6296.7;0.0078242;sell;13.0
1345;BTC-EUR;22:59:28;6293.94;0.10148055;buy;14.0
1346;BTC-EUR;22:59:31;6297.56;0.00159325;sell;14.0
1347;BTC-EUR;22:59:31;6299.22;0.00164874;sell;14.0
1348;BTC-EUR;22:59:36;6300.0;0.05317862;sell;14.0
1349;BTC-EUR;22:59:50;6297.52;0.00631689;buy;14.0
1350;BTC-EUR;22:59:52;6300.0;0.00135558;sell;14.0
1351;BTC-EUR;22:59:52;6300.0;0.0206534;sell;14.0
1352;BTC-EUR;22:59:52;6300.0;0.34302138;sell;14.0
1353;BTC-EUR;22:59:52;6301.83;0.01466038;sell;14.0
1354;BTC-EUR;22:59:54;6302.58;0.01518755;sell;14.0
1355;BTC-EUR;22:59:55;6298.4;0.00324199;buy;14.0
1356;BTC-EUR;22:59:59;6302.58;0.00781736;sell;14.0
1357;BTC-EUR;23:00:02;6297.96;0.5373685;buy;14.0
1358;BTC-EUR;23:00:02;6298.9;0.0475;buy;14.0
1359;BTC-EUR;23:00:02;6299.52;0.12;buy;14.0
1360;BTC-EUR;23:00:02;6299.54;0.01688419;buy;14.0
1361;BTC-EUR;23:00:02;6299.56;0.05724628;buy;14.0
1362;BTC-EUR;23:00:02;6302.58;0.00557459;sell;14.0
1363;BTC-EUR;23:00:03;6299.57;0.0077671;buy;14.0
1364;BTC-EUR;23:00:03;6299.57;0.64203968;buy;14.0
1365;BTC-EUR;23:00:03;6299.59;0.12;buy;14.0
1366;BTC-EUR;23:00:09;6299.25;0.00100491;buy;14.0
1367;BTC-EUR;23:00:28;6302.58;0.00757962;sell;15.0
1368;BTC-EUR;23:00:35;6302.58;0.002;sell;15.0
1369;BTC-EUR;23:00:40;6302.58;0.03946895;sell;15.0
1370;BTC-EUR;23:01:16;6300.83;0.00594068;buy;16.0
1371;BTC-EUR;23:01:34;6302.1;0.23742234;sell;16.0
1372;BTC-EUR;23:01:52;6300.98;0.004;sell;16.0
1373;BTC-EUR;23:02:08;6300.72;0.10172775;sell;16.0
1374;BTC-EUR;23:02:09;6300.72;0.00758172;sell;16.0
1375;BTC-EUR;23:02:10;6300.54;0.02047757;sell;16.0
1376;BTC-EUR;23:02:42Z;6296.32;0.37989144;sell;17.0
1377;BTC-EUR;23:03:06;6294.22;0.00142435;sell;17.0
1378;BTC-EUR;23:03:27;6294.19;0.03420461;sell;18.0
1379;BTC-EUR;23:03:29;6294.19;0.08579539;sell;18.0
1380;BTC-EUR;23:03:29;6294.23;0.06998932;sell;18.0
1381;BTC-EUR;23:03:38;6293.36;0.032;buy;18.0
1382;BTC-EUR;23:03:39;6294.23;0.00758967;sell;18.0
1383;BTC-EUR;23:03:48;6294.23;0.00872101;sell;18.0
1384;BTC-EUR;23:03:48;6298.36;0.00387326;sell;18.0
1385;BTC-EUR;23:04:10;6297.15;0.00317667;sell;18.0
1386;BTC-EUR;23:04:31;6299.47;0.00142399;sell;19.0
1387;BTC-EUR;23:04:46;6299.35;0.02;sell;19.0
1388;BTC-EUR;23:04:49;6298.97;0.15112758;sell;19.0
1389;BTC-EUR;23:04:49;6298.97;0.22859079;sell;19.0
1390;BTC-EUR;23:05:02;6297.15;0.00126851;buy;19.0
1391;BTC-EUR;23:05:02;6297.15;0.0080782;buy;19.0
1392;BTC-EUR;23:05:05;6297.15;0.02663;buy;19.0
1393;BTC-EUR;23:05:19;6297.59;0.00276554;sell;20.0
1394;BTC-EUR;23:05:37;6297.52;0.00632132;sell;20.0
1395;BTC-EUR;23:06:07;6297.33;0.0059222;sell;20.0
1396;BTC-EUR;23:06:11;6297.45;0.03112365;sell;20.0
1397;BTC-EUR;23:06:23;6298.86;0.0059222;buy;21.0
1398;BTC-EUR;23:06:43;6299.0;0.01215038;sell;21.0
1399;BTC-EUR;23:07:28;6297.87;0.00789969;sell;22.0
1400;BTC-EUR;23:07:43;6297.74;0.00758532;sell;22.0
1401;BTC-EUR;23:07:43;6297.84;0.00489949;sell;22.0
1402;BTC-EUR;23:07:44;6297.74;0.32457416;sell;22.0
1403;BTC-EUR;23:08:39;6297.16;0.00142346;sell;23.0
1404;BTC-EUR;23:08:58;6297.16;0.15181811;sell;23.0
1405;BTC-EUR;23:09:18;6297.37;0.04938339;sell;24.0
1406;BTC-EUR;23:09:41;6297.16;0.00260878;sell;24.0
1407;BTC-EUR;23:10:00;6297.16;0.02266332;sell;24.0
1408;BTC-EUR;23:10:02;6289.52;0.04058352;buy;24.0
1409;BTC-EUR;23:10:02;6289.53;0.33978671;buy;24.0
1410;BTC-EUR;23:10:02;6297.15;2.1e-06;buy;24.0
1411;BTC-EUR;23:10:03;6297.03;0.0029248;sell;24.0
1412;BTC-EUR;23:10:03;6297.03;0.05634725;sell;24.0
1413;BTC-EUR;23:10:20;6296.91;0.01215609;sell;25.0
1414;BTC-EUR;23:10:29;6292.0;0.0061541;buy;25.0
1415;BTC-EUR;23:10:32;6286.98;2.07353175;buy;25.0
1416;BTC-EUR;23:10:32;6287.0;0.12;buy;25.0
1417;BTC-EUR;23:10:32;6287.01;0.169;buy;25.0
1418;BTC-EUR;23:10:32;6288.82;1.1031;buy;25.0
1419;BTC-EUR;23:10:32;6289.28;0.29339314;buy;25.0
1420;BTC-EUR;23:10:32;6289.29;0.0925;buy;25.0
1421;BTC-EUR;23:10:32;6289.31;0.12;buy;25.0
1422;BTC-EUR;23:10:32;6289.4;0.5071;buy;25.0
1423;BTC-EUR;23:10:32;6290.25;0.18;buy;25.0
1424;BTC-EUR;23:10:32;6290.48;0.29387511;buy;25.0
1425;BTC-EUR;23:10:32;6293.76;0.0475;buy;25.0
1426;BTC-EUR;23:11:08;6293.0;0.01;sell;25.0
1427;BTC-EUR;23:11:08;6293.59;0.00520396;sell;25.0
1428;BTC-EUR;23:11:15;6289.5;0.0028;buy;25.0
1429;BTC-EUR;23:11:40;6298.0;0.01565476;sell;26.0
1430;BTC-EUR;23:12:04;6297.97;0.04557893;sell;27.0
1431;BTC-EUR;23:12:05;6297.04;0.0154376;buy;27.0
1432;BTC-EUR;23:12:29;6297.95;0.0151925;sell;27.0
1433;BTC-EUR;23:12:34;6296.99;0.02796;buy;27.0
1434;BTC-EUR;23:12:57;6288.34;0.05593711;buy;27.0
1435;BTC-EUR;23:13:01;6295.16;0.00645686;sell;27.0
1436;BTC-EUR;23:13:16;6295.16;0.02370928;sell;28.0
1437;BTC-EUR;23:13:19;6295.16;0.00142414;sell;28.0
1438;BTC-EUR;23:13:27;6295.16;0.00371555;sell;28.0
1439;BTC-EUR;23:13:28;6295.16;0.00669417;sell;28.0
1440;BTC-EUR;23:13:28;6296.69;0.00546488;sell;28.0
1441;BTC-EUR;23:13:33;6293.16;0.001637;buy;28.0
1442;BTC-EUR;23:13:35;6296.46;0.00980141;sell;28.0
1443;BTC-EUR;23:13:43;6293.0;1.0;buy;28.0
1444;BTC-EUR;23:13:48;6288.36;0.0475;buy;28.0
1445;BTC-EUR;23:13:50;6289.88;0.01459029;sell;28.0
1446;BTC-EUR;23:13:50;6289.89;0.30179837;sell;28.0
1447;BTC-EUR;23:13:51;6289.86;0.03162594;sell;28.0
1448;BTC-EUR;23:14:08;6284.18;0.00399809;buy;29.0
1449;BTC-EUR;23:14:35;6289.78;0.00371682;sell;29.0
1450;BTC-EUR;23:15:01;6287.1;0.37969074;buy;29.0
1451;BTC-EUR;23:15:02;6287.14;0.11397606;buy;29.0
1452;BTC-EUR;23:15:02;6287.2;0.0078242;buy;29.0
1453;BTC-EUR;23:15:05;6289.78;0.002;sell;29.0
1454;BTC-EUR;23:15:06;6289.78;0.002;sell;29.0
1455;BTC-EUR;23:15:14;6289.78;0.00142535;sell;30.0
1456;BTC-EUR;23:15:14;6289.78;0.0654145;sell;30.0
1457;BTC-EUR;23:15:22;6289.77;0.00213724;sell;30.0
1458;BTC-EUR;23:15:41;6288.68;0.07606469;sell;30.0
1459;BTC-EUR;23:15:44;6284.74;0.0654145;buy;30.0
1460;BTC-EUR;23:15:55;6287.77;0.03164953;sell;30.0
1461;BTC-EUR;23:15:56;6287.77;0.01217366;sell;30.0
1462;BTC-EUR;23:16:11;6288.37;0.00692024;sell;30.0
1463;BTC-EUR;23:17:07;6287.63;0.0406;sell;31.0
1464;BTC-EUR;23:17:07;6288.53;0.02027141;sell;31.0
1465;BTC-EUR;23:17:10;6288.5;0.01901589;sell;31.0
1466;BTC-EUR;23:17:11;6285.1;0.00199499;buy;31.0
1467;BTC-EUR;23:17:17;6286.21;0.03198078;buy;32.0
1468;BTC-EUR;23:17:39;6284.53;0.0888964;buy;32.0
1469;BTC-EUR;23:17:39;6289.32;0.00395651;sell;32.0
1470;BTC-EUR;23:17:54;6288.04;0.00292898;sell;32.0
1471;BTC-EUR;23:18:05;6288.57;0.01521506;sell;32.0
1472;BTC-EUR;23:18:08;6288.57;0.00633856;sell;32.0
1473;BTC-EUR;23:18:14;6289.42;0.01521294;sell;32.0
1474;BTC-EUR;23:18:22;6286.57;0.00292898;buy;33.0
1475;BTC-EUR;23:18:23;6289.78;0.02916015;sell;33.0
1476;BTC-EUR;23:18:23;6290.0;0.01;sell;33.0
1477;BTC-EUR;23:18:23;6291.71;0.03760183;sell;33.0
1478;BTC-EUR;23:18:33;6291.07;0.01977088;sell;33.0
1479;BTC-EUR;23:19:14;6283.36;0.07573755;buy;33.0
1480;BTC-EUR;23:19:58;6283.1;0.05318139;buy;34.0
1481;BTC-EUR;23:19:58;6283.11;8.61e-06;buy;34.0
1482;BTC-EUR;23:19:58;6283.11;0.07401;buy;34.0
1483;BTC-EUR;23:19:58;6283.5;0.00202;buy;34.0
1484;BTC-EUR;23:19:58;6283.5;0.00811;buy;34.0
1485;BTC-EUR;23:20:02;6276.72;0.00756399;buy;34.0
1486;BTC-EUR;23:20:02;6276.74;0.37971837;buy;34.0
1487;BTC-EUR;23:20:02;6276.75;0.03420461;buy;34.0
1488;BTC-EUR;23:20:02;6276.76;0.37989144;buy;34.0
1489;BTC-EUR;23:20:02;6283.1;1.382e-05;buy;34.0
1490;BTC-EUR;23:20:02;6283.5;1.81e-06;buy;34.0
1491;BTC-EUR;23:20:13;6282.96;0.06549072;sell;34.0
1492;BTC-EUR;23:20:54;6276.0;0.02799072;buy;35.0
1493;BTC-EUR;23:20:54;6276.01;0.0375;buy;35.0
1494;BTC-EUR;23:20:58;6276.04;0.0034422;buy;35.0
1495;BTC-EUR;23:21:10;6278.97;0.01316337;buy;35.0
1496;BTC-EUR;23:21:10;6278.98;0.00777728;buy;35.0
1497;BTC-EUR;23:21:24;6282.91;0.03045931;sell;36.0
1498;BTC-EUR;23:21:26;6282.91;0.02284329;sell;36.0
1499;BTC-EUR;23:21:28;6282.91;0.01475851;sell;36.0
1500;BTC-EUR;23:21:34;6282.91;0.00396912;sell;36.0
1501;BTC-EUR;23:21:45;6282.92;0.00760334;sell;36.0
1502;BTC-EUR;23:22:06;6282.92;0.07614737;sell;36.0
1503;BTC-EUR;23:22:16;6282.92;0.00142692;sell;37.0
1504;BTC-EUR;23:22:18;6282.91;0.01193374;buy;37.0
1505;BTC-EUR;23:22:18;6282.91;0.01221888;buy;37.0
1506;BTC-EUR;23:22:44;6282.92;0.00760333;sell;37.0
1507;BTC-EUR;23:22:47;6282.91;0.00640554;buy;37.0
1508;BTC-EUR;23:22:52;6281.64;0.00230213;buy;37.0
1509;BTC-EUR;23:22:59;6281.8;0.02958918;buy;37.0
1510;BTC-EUR;23:22:59;6281.82;0.12;buy;37.0
1511;BTC-EUR;23:23:03;6282.92;0.25469361;sell;37.0
1512;BTC-EUR;23:23:08;6282.91;0.01235011;buy;37.0
1513;BTC-EUR;23:23:08;6282.91;0.04;buy;37.0
1514;BTC-EUR;23:23:14;6282.91;0.00650042;buy;37.0
1515;BTC-EUR;23:23:35;6282.92;0.00443594;sell;38.0
1516;BTC-EUR;23:23:37;6282.92;0.0019812;sell;38.0
1517;BTC-EUR;23:23:53;6282.92;0.00126854;sell;38.0
1518;BTC-EUR;23:24:04;6282.91;0.0047582;sell;38.0
1519;BTC-EUR;23:24:08;6282.91;0.03167322;sell;38.0
1520;BTC-EUR;23:24:09;6280.49;0.128;buy;38.0
1521;BTC-EUR;23:24:09;6280.5;0.115;buy;38.0
1522;BTC-EUR;23:24:15;6282.92;0.01543939;sell;38.0
1523;BTC-EUR;23:24:31;6281.76;0.0023307;buy;39.0
1524;BTC-EUR;23:24:31;6281.76;0.01310869;buy;39.0
1525;BTC-EUR;23:25:03;6282.91;0.00164179;buy;39.0
1526;BTC-EUR;23:25:05;6282.91;0.00247222;buy;39.0
1527;BTC-EUR;23:25:07;6282.92;0.01522885;sell;39.0
1528;BTC-EUR;23:25:24;6282.92;0.01816976;sell;40.0
1529;BTC-EUR;23:25:31;6281.45;0.02142681;buy;40.0
1530;BTC-EUR;23:25:31;6282.92;0.00293142;sell;40.0
1531;BTC-EUR;23:25:39;6282.92;0.01000479;sell;40.0
1532;BTC-EUR;23:25:54;6282.91;0.03919206;buy;40.0
1533;BTC-EUR;23:26:15;6281.21;0.00293142;buy;41.0
1534;BTC-EUR;23:26:21;6282.92;0.036789;sell;41.0
1535;BTC-EUR;23:26:24;6282.92;0.01522887;sell;41.0
1536;BTC-EUR;23:26:36;6282.92;0.3807337;sell;41.0
1537;BTC-EUR;23:26:47;6282.92;0.00443594;sell;41.0
1538;BTC-EUR;23:26:49;6280.81;0.00199998;buy;41.0
1539;BTC-EUR;23:27:03;6280.83;0.6;buy;41.0
1540;BTC-EUR;23:27:08;6282.92;0.00982051;sell;41.0
1541;BTC-EUR;23:27:32;6282.92;0.00760333;sell;42.0
1542;BTC-EUR;23:28:16;6282.92;0.00760333;sell;43.0
1543;BTC-EUR;23:28:24;6281.39;0.00116263;buy;43.0
1544;BTC-EUR;23:28:24;6281.39;0.076;buy;43.0
1545;BTC-EUR;23:28:37;6281.5;0.01039991;buy;43.0
1546;BTC-EUR;23:28:40;6282.92;0.00293142;sell;43.0
1547;BTC-EUR;23:28:44;6281.5;0.01254584;buy;43.0
1548;BTC-EUR;23:28:53;6282.92;0.00146429;sell;43.0
1549;BTC-EUR;23:29:08;6282.92;0.00760333;sell;43.0
1550;BTC-EUR;23:29:29;6282.92;0.02000142;sell;44.0
1551;BTC-EUR;23:29:29;6282.92;0.18857838;sell;44.0
1552;BTC-EUR;23:29:29;6287.57;0.17202582;sell;44.0
1553;BTC-EUR;23:29:36;6287.57;0.00318087;sell;44.0
1554;BTC-EUR;23:29:51;6287.56;0.10097361;sell;44.0
1555;BTC-EUR;23:29:53;6287.42;0.55107646;sell;44.0
1556;BTC-EUR;23:30:02;6282.96;0.00243221;buy;44.0
1557;BTC-EUR;23:30:02;6282.96;0.01215609;buy;44.0
1558;BTC-EUR;23:30:02;6282.96;0.01937031;buy;44.0
1559;BTC-EUR;23:30:02;6282.96;0.01952825;buy;44.0
1560;BTC-EUR;23:31:10;6287.57;0.02135377;sell;45.0
1561;BTC-EUR;23:31:27;6286.8;0.00530866;buy;46.0
1562;BTC-EUR;23:31:37;6287.57;0.0138487;sell;46.0
1563;BTC-EUR;23:32:12;6287.57;0.07295097;sell;46.0
1564;BTC-EUR;23:32:18;6282.58;0.11205844;buy;47.0
1565;BTC-EUR;23:32:29;6286.99;0.00680704;sell;47.0
1566;BTC-EUR;23:32:35;6284.39;0.30738859;buy;47.0
1567;BTC-EUR;23:32:35;6284.4;0.0882524;buy;47.0
1568;BTC-EUR;23:32:50;6289.42;0.0014255;sell;47.0
1569;BTC-EUR;23:32:51;6289.42;0.00150454;sell;47.0
1570;BTC-EUR;23:33:06;6289.42;0.00981036;sell;47.0
1571;BTC-EUR;23:33:40;6287.3;0.37889312;sell;48.0
1572;BTC-EUR;23:33:53;6285.83;0.01826696;sell;48.0
1573;BTC-EUR;23:34:22;6288.74;0.00158223;sell;49.0
1574;BTC-EUR;23:34:24;6288.74;0.09507585;sell;49.0
1575;BTC-EUR;23:34:35;6287.11;0.01217215;sell;49.0
1576;BTC-EUR;23:34:43;6286.41;0.01522035;sell;49.0
1577;BTC-EUR;23:34:55;6285.48;0.00443383;sell;49.0
1578;BTC-EUR;23:35:00;6285.0;0.02127328;sell;49.0
1579;BTC-EUR;23:35:02;6280.31;0.07317357;buy;49.0
1580;BTC-EUR;23:35:02;6281.21;0.01217366;buy;49.0
1581;BTC-EUR;23:35:02;6281.22;0.00142535;buy;49.0
1582;BTC-EUR;23:35:02;6281.22;0.00291078;buy;49.0
1583;BTC-EUR;23:35:29;6284.55;0.0167474;sell;50.0
1584;BTC-EUR;23:35:44;6283.52;0.00372268;sell;50.0
1585;BTC-EUR;23:36:13;6280.01;0.002364;buy;50.0
1586;BTC-EUR;23:36:16;6280.01;0.04175843;buy;51.0
1587;BTC-EUR;23:36:22;6284.2;0.03166751;sell;51.0
1588;BTC-EUR;23:36:24;6284.18;0.00712678;sell;51.0
1589;BTC-EUR;23:37:00;6280.01;0.0014255;buy;51.0
1590;BTC-EUR;23:37:00;6280.01;0.14975909;buy;51.0
1591;BTC-EUR;23:37:01;6283.72;0.01504;sell;51.0
1592;BTC-EUR;23:37:03;6280.21;0.04126512;buy;51.0
1593;BTC-EUR;23:37:16;6283.55;0.00142674;sell;52.0
1594;BTC-EUR;23:37:24;6283.41;0.01;sell;52.0
1595;BTC-EUR;23:37:36;6280.25;0.09602822;buy;52.0
1596;BTC-EUR;23:37:37;6280.25;0.01;buy;52.0
1597;BTC-EUR;23:37:59;6281.3;0.03168213;sell;52.0
1598;BTC-EUR;23:37:59;6281.52;0.00277256;sell;52.0
1599;BTC-EUR;23:38:31;6276.0;0.101824;buy;53.0
1600;BTC-EUR;23:38:31;6280.0;0.1;buy;53.0
1601;BTC-EUR;23:38:35;6275.21;0.08388201;buy;53.0
1602;BTC-EUR;23:38:36;6276.26;0.00160036;buy;53.0
1603;BTC-EUR;23:38:45;6276.27;0.04773789;buy;53.0
1604;BTC-EUR;23:38:57;6279.95;0.01676028;sell;53.0
1605;BTC-EUR;23:39:17;6279.93;0.34831694;sell;54.0
1606;BTC-EUR;23:39:28;6275.27;0.00247857;buy;54.0
1607;BTC-EUR;23:39:37;6279.94;0.01140962;sell;54.0
1608;BTC-EUR;23:39:53;6279.96;0.00443808;sell;54.0
1609;BTC-EUR;23:40:01;6276.97;0.03045931;buy;54.0
1610;BTC-EUR;23:40:02;6276.97;0.00760334;buy;54.0
1611;BTC-EUR;23:40:02;6276.97;0.07614737;buy;54.0
1612;BTC-EUR;23:40:53;6280.0;0.00166535;sell;55.0
1613;BTC-EUR;23:41:27;6280.0;0.00142834;sell;56.0
1614;BTC-EUR;23:42:16;6280.0;0.00713683;sell;57.0
1615;BTC-EUR;23:42:37;6280.0;0.02976948;sell;57.0
1616;BTC-EUR;23:42:37;6281.92;0.07990753;sell;57.0
1617;BTC-EUR;23:42:38;6279.0;0.0027285;buy;57.0
1618;BTC-EUR;23:42:49;6284.93;0.0029307;sell;57.0
1619;BTC-EUR;23:42:53;6280.38;0.01600349;buy;57.0
1620;BTC-EUR;23:42:55;6286.6;0.08909616;sell;57.0
1621;BTC-EUR;23:42:55;6286.6;0.70664259;sell;57.0
1622;BTC-EUR;23:43:18;6285.94;0.15596634;sell;58.0
1623;BTC-EUR;23:43:44;6288.97;0.00759602;sell;58.0
1624;BTC-EUR;23:44:13;6287.09;0.00522432;sell;58.0
1625;BTC-EUR;23:44:35;6287.09;0.00286367;sell;59.0
1626;BTC-EUR;23:44:35;6287.78;0.00315156;sell;59.0
1627;BTC-EUR;23:44:47;6283.05;0.00601523;buy;59.0
1628;BTC-EUR;23:45:01;6288.38;0.00129;sell;59.0
1629;BTC-EUR;23:45:02;6287.14;0.01522885;buy;59.0
1630;BTC-EUR;23:45:07;6287.18;0.002;buy;59.0
1631;BTC-EUR;23:45:11;6288.38;0.15861;sell;59.0
1632;BTC-EUR;23:45:11;6288.39;0.0475;sell;59.0
1633;BTC-EUR;23:45:11;6289.43;0.26157467;sell;59.0
1634;BTC-EUR;23:45:53;6289.42;0.02324408;sell;60.0
1635;BTC-EUR;23:45:53;6289.43;0.0520635;sell;60.0
1636;BTC-EUR;23:46:28;6286.09;0.003;buy;61.0
1637;BTC-EUR;23:46:35;6291.16;0.003;sell;61.0
1638;BTC-EUR;23:46:35;6291.17;0.00459546;sell;61.0
1639;BTC-EUR;23:46:54;6289.86;0.00337;buy;61.0
1640;BTC-EUR;23:46:59;6292.93;0.00601011;sell;61.0
1641;BTC-EUR;23:47:01;6293.8;0.00126653;sell;61.0
1642;BTC-EUR;23:47:18;6294.77;0.00142422;sell;62.0
1643;BTC-EUR;23:47:32;6294.11;0.00337;sell;62.0
1644;BTC-EUR;23:47:32;6294.32;0.07263493;sell;62.0
1645;BTC-EUR;23:47:33;6290.51;0.00337;buy;62.0
1646;BTC-EUR;23:47:33;6290.51;0.78200937;buy;62.0
1647;BTC-EUR;23:47:52;6290.51;0.00205793;buy;62.0
1648;BTC-EUR;23:48:02;6293.92;0.03496685;sell;62.0
1649;BTC-EUR;23:48:13;6287.7;0.00955909;buy;62.0
1650;BTC-EUR;23:48:46;6292.99;0.00287666;sell;63.0
1651;BTC-EUR;23:49:08;6292.99;0.46218009;sell;63.0
1652;BTC-EUR;23:49:24;6290.83;0.003275;buy;64.0
1653;BTC-EUR;23:49:34;6293.0;0.00292674;sell;64.0
1654;BTC-EUR;23:49:47;6293.0;0.00474506;sell;64.0
1655;BTC-EUR;23:50:02;6291.6;0.00981036;buy;64.0
1656;BTC-EUR;23:50:02;6291.6;0.01522035;buy;64.0
1657;BTC-EUR;23:50:05;6291.55;0.4728;buy;64.0
1658;BTC-EUR;23:50:43;6292.13;0.00284213;buy;65.0
1659;BTC-EUR;23:50:43;6292.15;0.33674226;buy;65.0
1660;BTC-EUR;23:50:43;6292.25;0.00395999;buy;65.0
1661;BTC-EUR;23:52:11;6292.99;0.00142463;sell;66.0
1662;BTC-EUR;23:52:23;6290.75;0.02477521;buy;67.0
1663;BTC-EUR;23:53:42;6290.95;0.0015943;buy;68.0
1664;BTC-EUR;23:54:21;6292.99;0.00142463;sell;69.0
1665;BTC-EUR;23:54:22;6292.99;0.33923966;sell;69.0
1666;BTC-EUR;23:54:22;6293.0;0.97667344;sell;69.0
1667;BTC-EUR;23:54:22;6294.61;0.19487911;sell;69.0
1668;BTC-EUR;23:54:22;6295.44;0.0475;sell;69.0
1669;BTC-EUR;23:54:22;6295.46;0.19500186;sell;69.0
1670;BTC-EUR;23:54:22;6296.47;2.4;sell;69.0
1671;BTC-EUR;23:54:22;6296.62;0.27;sell;69.0
1672;BTC-EUR;23:54:22;6298.5;0.0925;sell;69.0
1673;BTC-EUR;23:54:22;6298.72;0.52010559;sell;69.0
1674;BTC-EUR;23:54:36;6299.0;0.00784962;sell;69.0
1675;BTC-EUR;23:54:36;6299.32;0.00734061;sell;69.0
1676;BTC-EUR;23:54:38;6299.27;0.00509921;sell;69.0
1677;BTC-EUR;23:54:49;6292.34;0.00509921;buy;69.0
1678;BTC-EUR;23:54:52;6297.84;0.00509921;sell;69.0
1679;BTC-EUR;23:54:52;6297.85;0.10882718;sell;69.0
1680;BTC-EUR;23:55:02;6294.61;0.00191336;buy;69.0
1681;BTC-EUR;23:55:18;6295.11;0.17123786;buy;70.0
1682;BTC-EUR;23:55:34;6292.2;0.08437688;buy;70.0
1683;BTC-EUR;23:55:34;6292.99;0.03901836;buy;70.0
1684;BTC-EUR;23:55:34;6295.26;0.0475;buy;70.0
1685;BTC-EUR;23:57:09;6295.97;0.00190629;sell;71.0
1686;BTC-EUR;23:57:32;6293.59;0.00499999;sell;72.0
1687;BTC-EUR;23:57:42;6290.96;0.00269774;buy;72.0
1688;BTC-EUR;23:57:42;6292.84;0.00230225;buy;72.0
1689;BTC-EUR;23:57:55;6290.5;0.03161207;buy;72.0
1690;BTC-EUR;23:57:55;6290.51;0.0475;buy;72.0
1691;BTC-EUR;23:58:38;6282.74;0.00499;sell;73.0
1692;BTC-EUR;23:58:45;6283.59;0.01522216;sell;73.0
1693;BTC-EUR;23:59:31;6283.74;0.00229689;sell;74.0
1694;BTC-EUR;23:59:42;6287.35;0.0358776;sell;74.0
1695;ETH-BTC;00:00:34;0.02107;0.02002908;buy;75.0
1696;ETH-BTC;00:01:02;0.02109;3.76351583;sell;75.0
1697;ETH-BTC;00:01:06;0.02108;0.15086369;buy;75.0
1698;ETH-BTC;00:01:30;0.02108;0.01899902;buy;76.0
1699;ETH-BTC;00:04:42;0.02108;0.15086369;buy;79.0
1700;ETH-BTC;00:05:00;0.02109;0.60218113;sell;79.0
1701;ETH-BTC;00:07:04;0.02108;0.06852021;sell;81.0
1702;ETH-BTC;00:08:10;0.0211;0.01233657;sell;82.0
1703;ETH-BTC;00:08:15;0.0211;0.01233657;sell;82.0
1704;ETH-BTC;00:08:22;0.02109;0.0127519;buy;83.0
1705;ETH-BTC;00:08:55;0.02109;0.01229456;buy;83.0
1706;ETH-BTC;00:10:04;0.02109;0.09;buy;84.0
1707;ETH-BTC;00:11:41;0.0211;0.07465628;sell;86.0
1708;ETH-BTC;00:11:57;0.0211;0.06859446;sell;86.0
1709;ETH-BTC;00:11:58;0.02109;3.7889083;buy;86.0
1710;ETH-BTC;00:11:58;0.0211;0.01296282;sell;86.0
1711;ETH-BTC;00:13:34;0.0211;0.2191133;sell;88.0
1712;ETH-BTC;00:13:34;0.0211;0.28266419;sell;88.0
1713;ETH-BTC;00:16:43;0.02109;0.81570783;buy;91.0
1714;ETH-BTC;00:16:56;0.02109;0.01303215;buy;91.0
1715;ETH-BTC;00:17:16;0.02109;1.90156686;buy;91.0
1716;ETH-BTC;00:17:16;0.02109;7.17126002;buy;91.0
1717;ETH-BTC;00:18:04;0.02111;0.17240574;sell;92.0
1718;ETH-BTC;00:18:07;0.02111;0.17435967;sell;92.0
1719;ETH-BTC;00:18:55;0.02111;0.01523459;sell;93.0
1720;ETH-BTC;00:18:55;0.02112;0.093;sell;93.0
1721;ETH-BTC;00:18:55;0.02112;0.18114564;sell;93.0
1722;ETH-BTC;00:18:55;0.02112;0.27598162;sell;93.0
1723;ETH-BTC;00:19:30;0.02113;0.05;sell;94.0
1724;ETH-BTC;00:19:30;0.02113;0.11383175;sell;94.0
1725;ETH-BTC;00:21:47;0.02107;0.32;buy;96.0
1726;ETH-BTC;00:21:47;0.02107;3.15;buy;96.0
1727;ETH-BTC;00:22:45;0.02103;0.27442477;buy;97.0
1728;ETH-BTC;00:22:45;0.02103;3.5;buy;97.0
1729;ETH-BTC;00:22:45;0.02103;7.88515262;buy;97.0
1730;ETH-BTC;00:22:45;0.02103;21.54817644;buy;97.0
1731;ETH-BTC;00:22:45;0.02104;1.80202737;buy;97.0
1732;ETH-BTC;00:22:45;0.02104;2.81510336;buy;97.0
1733;ETH-BTC;00:22:45;0.02104;3.38286927;buy;97.0
1734;ETH-BTC;00:22:45;0.02104;3.41206958;buy;97.0
1735;ETH-BTC;00:22:45;0.02104;4.0;buy;97.0
1736;ETH-BTC;00:22:45;0.02104;7.88515262;buy;97.0
1737;ETH-BTC;00:22:45;0.02104;13.286;buy;97.0
1738;ETH-BTC;00:22:46;0.02105;0.01314628;sell;97.0
1739;ETH-BTC;00:23:01;0.02104;0.01290479;buy;97.0
1740;ETH-BTC;00:23:48;0.02105;0.01358598;sell;98.0
1741;ETH-BTC;00:23:48;0.02106;0.06115356;sell;98.0
1742;ETH-BTC;00:23:52;0.02105;0.53307894;buy;98.0
1743;ETH-BTC;00:24:47;0.02104;2.34624633;buy;99.0
1744;ETH-BTC;00:24:47;0.02104;4.0;buy;99.0
1745;ETH-BTC;00:25:13;0.02107;0.02051983;sell;99.0
1746;ETH-BTC;00:25:39;0.02103;1.66;buy;100.0
1747;ETH-BTC;00:25:39;0.02104;0.34;buy;100.0
1748;ETH-BTC;00:25:46;0.02104;3.47;sell;100.0
1749;ETH-BTC;00:26:42;0.02107;0.0175;sell;101.0
1750;ETH-BTC;00:26:43;0.02106;10.37;buy;101.0
1751;ETH-BTC;00:27:40;0.02108;1.906272;sell;102.0
1752;ETH-BTC;00:27:40;0.02108;4.0;sell;102.0
1753;ETH-BTC;00:28:01;0.02107;30.0;buy;102.0
1754;ETH-BTC;00:28:10;0.02106;1.02234165;buy;102.0
1755;ETH-BTC;00:28:52;0.02106;0.03460567;buy;103.0
1756;ETH-BTC;00:30:18;0.02107;0.02275771;sell;105.0
1757;ETH-BTC;00:32:36;0.02109;0.25;sell;107.0
1758;ETH-BTC;00:32:36;0.02109;3.5;sell;107.0
1759;ETH-BTC;00:32:36;0.02109;8.0;sell;107.0
1760;ETH-BTC;00:32:36;0.02109;15.0;sell;107.0
1761;ETH-BTC;00:32:43;0.0211;0.34118183;sell;107.0
1762;ETH-BTC;00:34:30;0.0211;0.04758479;sell;109.0
1763;ETH-BTC;00:34:32;0.02109;0.29138989;buy;109.0
1764;ETH-BTC;00:34:51;0.02109;0.07054607;buy;109.0
1765;ETH-BTC;00:35:52;0.02109;0.63806404;buy;110.0
1766;ETH-BTC;00:35:52;0.02109;21.99193596;buy;110.0
1767;ETH-BTC;00:36:56;0.02108;0.02784209;buy;111.0
1768;ETH-BTC;00:37:49;0.02109;0.01269249;sell;112.0
1769;ETH-BTC;00:37:53;0.02108;0.01284353;buy;112.0
1770;ETH-BTC;00:40:17;0.02107;0.66586187;buy;114.0
1771;ETH-BTC;00:41:00;0.02107;0.05668;buy;115.0
1772;ETH-BTC;00:41:21;0.02108;0.80300552;sell;116.0
1773;ETH-BTC;00:41:48;0.02107;1.31857568;buy;116.0
1774;ETH-BTC;00:41:48;0.02107;3.27745813;buy;116.0
1775;ETH-BTC;00:41:48;0.02107;3.5;buy;116.0
1776;ETH-BTC;00:41:50;0.02107;0.13517827;buy;116.0
1777;ETH-BTC;00:42:39;0.02107;0.70010141;buy;117.0
1778;ETH-BTC;00:43:00;0.02108;0.2952505;sell;117.0
1779;ETH-BTC;00:43:41;0.02109;2.19417018;sell;118.0
1780;ETH-BTC;00:43:47;0.02109;0.34037133;sell;118.0
1781;ETH-BTC;00:43:52;0.02109;0.96170577;sell;118.0
1782;ETH-BTC;00:44:43;0.02108;0.7;buy;119.0
1783;ETH-BTC;00:44:47;0.02109;0.17698995;sell;119.0
1784;ETH-BTC;00:44:47;0.02109;0.50375272;sell;119.0
1785;ETH-BTC;00:45:18;0.02109;2.04227447;sell;120.0
1786;ETH-BTC;00:45:21;0.02109;1.42857102;sell;120.0
1787;ETH-BTC;00:45:38;0.02108;0.80300552;buy;120.0
1788;ETH-BTC;00:45:41;0.02109;0.02915451;sell;120.0
1789;ETH-BTC;00:45:41;0.0211;0.02698765;sell;120.0
1790;ETH-BTC;00:46:31;0.02108;0.18070525;buy;121.0
1791;ETH-BTC;00:46:42;0.02109;0.67892971;sell;121.0
1792;ETH-BTC;00:46:58;0.02108;0.02664161;buy;121.0
1793;ETH-BTC;00:48:01;0.02107;3.5;buy;122.0
1794;ETH-BTC;00:48:02;0.02106;0.37949749;buy;122.0
1795;ETH-BTC;00:48:41;0.02107;0.02717366;sell;123.0
1796;ETH-BTC;00:49:26;0.02106;0.02320307;buy;124.0
1797;ETH-BTC;00:50:01;0.02106;0.1683502;buy;124.0
1798;ETH-BTC;00:51:36;0.02107;0.0120791;sell;126.0
1799;ETH-BTC;00:52:40;0.02107;0.01271115;sell;127.0
1800;ETH-BTC;00:52:47;0.02106;0.01290995;buy;127.0
1801;ETH-BTC;00:52:52;0.02106;0.01290995;buy;127.0
1802;ETH-BTC;00:53:23;0.02108;0.33964915;sell;128.0
1803;ETH-BTC;00:53:38;0.02108;0.01276884;sell;128.0
1804;ETH-BTC;00:54:14;0.02108;0.01867084;buy;128.0
1805;ETH-BTC;00:55:10;0.02109;1.01841779;sell;129.0
1806;ETH-BTC;00:55:19;0.02108;0.01085715;buy;130.0
1807;ETH-BTC;00:55:36;0.02108;0.02649929;buy;130.0
1808;ETH-BTC;00:56:20;0.02107;1.98680146;buy;131.0
1809;ETH-BTC;00:57:12;0.02107;0.25130471;sell;131.0
1810;ETH-BTC;00:58:24;0.02106;5.86320602;buy;133.0
1811;ETH-BTC;01:00:22;0.02105;1.341075;buy;135.0
1812;ETH-BTC;01:00:22;0.02105;7.738925;buy;135.0
1813;ETH-BTC;01:00:48;0.02106;0.29886598;sell;135.0
1814;ETH-BTC;01:01:56;0.02106;0.13837479;buy;136.0
1815;ETH-BTC;01:02:17;0.02107;0.06918739;buy;137.0
1816;ETH-BTC;01:02:19;0.02108;0.01371484;sell;137.0
1817;ETH-BTC;01:02:58;0.02106;0.02075622;buy;137.0
1818;ETH-BTC;01:04:49;0.02106;0.33959927;sell;139.0
1819;ETH-BTC;01:04:57;0.02106;0.23803888;buy;139.0
1820;ETH-BTC;01:06:08;0.02106;2.35438523;sell;140.0
1821;ETH-BTC;01:06:08;0.02106;4.0;sell;140.0
1822;ETH-BTC;01:06:08;0.02106;8.0;sell;140.0
1823;ETH-BTC;01:06:10;0.02105;0.05286062;buy;140.0
1824;ETH-BTC;01:06:42;0.02107;1.69397992;sell;141.0
1825;ETH-BTC;01:07:15;0.02107;0.43399477;sell;141.0
1826;ETH-BTC;01:07:39;0.02107;0.01287643;sell;142.0
1827;ETH-BTC;01:07:43;0.02105;0.01283171;buy;142.0
1828;ETH-BTC;01:11:00;0.02104;0.02375013;buy;145.0
1829;ETH-BTC;01:11:32;0.02104;0.62609319;buy;146.0
1830;ETH-BTC;01:11:55;0.02103;0.05244362;buy;146.0
1831;ETH-BTC;01:12:18;0.02103;0.01013809;buy;147.0
1832;ETH-BTC;01:14:47;0.02104;0.67858607;sell;149.0
1833;ETH-BTC;01:14:55;0.02104;0.01015806;sell;149.0
1834;ETH-BTC;01:14:59;0.02104;0.05088347;sell;149.0
1835;ETH-BTC;01:15:22;0.02103;0.5;buy;150.0
1836;ETH-BTC;01:15:22;0.02103;0.83407552;buy;150.0
1837;ETH-BTC;01:16:21;0.02104;1.56472592;sell;151.0
1838;ETH-BTC;01:17:09;0.02104;0.16003597;sell;151.0
1839;ETH-BTC;01:17:29;0.02103;0.0275605;buy;152.0
1840;ETH-BTC;01:17:29;0.02103;0.12608278;buy;152.0
1841;ETH-BTC;01:17:50;0.02103;0.24748436;sell;152.0
1842;ETH-BTC;01:17:52;0.02102;1.99681065;buy;152.0
1843;ETH-BTC;01:18:28;0.02102;0.69333703;buy;153.0
1844;ETH-BTC;01:18:34;0.02103;0.03742226;sell;153.0
1845;ETH-BTC;01:18:40;0.02103;0.02820111;sell;153.0
1846;ETH-BTC;01:19:44;0.02103;0.54329482;sell;154.0
1847;ETH-BTC;01:19:45;0.02103;0.65791726;sell;154.0
1848;ETH-BTC;01:20:16;0.02103;0.19125525;sell;154.0
1849;ETH-BTC;01:22:19;0.02103;1.40877737;sell;157.0
1850;ETH-BTC;01:22:43;0.02102;0.04305016;buy;157.0
1851;ETH-BTC;01:22:54;0.02102;0.01167729;buy;157.0
1852;ETH-BTC;01:23:01;0.02103;0.01313182;sell;157.0
1853;ETH-BTC;01:23:10;0.02102;0.01284856;buy;157.0
1854;ETH-BTC;01:24:49;0.02103;3.25867731;buy;159.0
1855;ETH-BTC;01:25:47;0.02104;0.7185049;sell;160.0
1856;ETH-BTC;01:26:09;0.02103;0.22978959;buy;160.0
1857;ETH-BTC;01:26:35;0.02104;0.7185049;buy;161.0
1858;ETH-BTC;01:28:29;0.02105;1.04321669;buy;163.0
1859;ETH-BTC;01:29:41;0.02105;0.02219099;buy;164.0
1860;ETH-BTC;01:30:19;0.02106;8.97695726;sell;165.0
1861;ETH-BTC;01:30:36;0.02107;0.02898834;sell;165.0
1862;ETH-BTC;01:32:31;0.02106;0.13827036;buy;167.0
1863;ETH-BTC;01:32:52;0.02106;0.0957228;buy;167.0
1864;ETH-BTC;01:34:46;0.02105;0.32;buy;169.0
1865;ETH-BTC;01:35:32;0.02105;0.40045825;buy;170.0
1866;ETH-BTC;01:36:53;0.02106;0.04287334;sell;171.0
1867;ETH-BTC;01:37:26;0.02106;7.14475914;sell;172.0
1868;ETH-BTC;01:38:09;0.02106;0.01267798;sell;172.0
1869;ETH-BTC;01:38:14;0.02105;0.01281381;buy;172.0
1870;ETH-BTC;01:39:03;0.02105;1.46512516;buy;173.0
1871;ETH-BTC;01:39:40;0.02106;0.13607247;sell;174.0
1872;ETH-BTC;01:39:53;0.02105;0.10154876;buy;174.0
1873;ETH-BTC;01:41:10;0.02106;0.03599845;sell;175.0
1874;ETH-BTC;01:41:49;0.02107;0.01145831;sell;176.0
1875;ETH-BTC;01:42:45;0.02106;0.17347926;sell;177.0
1876;ETH-BTC;01:43:05;0.02106;0.15212688;sell;177.0
1877;ETH-BTC;01:43:34;0.02107;0.51035324;sell;178.0
1878;ETH-BTC;01:45:21;0.02106;0.3;buy;180.0
1879;ETH-BTC;01:45:21;0.02106;0.76021211;buy;180.0
1880;ETH-BTC;01:45:48;0.02106;0.05298422;buy;180.0
1881;ETH-BTC;01:46:26;0.02107;1.00002792;sell;181.0
1882;ETH-BTC;01:47:05;0.02107;0.06590645;buy;181.0
1883;ETH-BTC;01:47:41;0.02108;0.19634492;sell;182.0
1884;ETH-BTC;01:48:04;0.02107;10.21420416;buy;182.0
1885;ETH-BTC;01:48:04;0.02108;3.93648595;buy;182.0
1886;ETH-BTC;01:48:04;0.02108;6.89043368;buy;182.0
1887;ETH-BTC;01:48:04;0.02108;8.0;buy;182.0
1888;ETH-BTC;01:49:14;0.02109;0.04619511;sell;183.0
1889;ETH-BTC;01:50:17;0.02107;0.3673573;buy;184.0
1890;ETH-BTC;01:52:51;0.02108;0.01275468;sell;187.0
1891;ETH-BTC;01:52:56;0.02107;0.01281252;buy;187.0
1892;ETH-BTC;01:54:29;0.02109;3.40471229;sell;189.0
1893;ETH-BTC;01:56:14;0.02109;0.12716649;sell;190.0
1894;ETH-BTC;01:56:41;0.02109;0.46812122;sell;191.0
1895;ETH-BTC;01:56:41;0.02109;1.57103868;sell;191.0
1896;ETH-BTC;01:57:11;0.02109;4.58627358;sell;191.0
1897;ETH-BTC;01:57:17;0.02108;0.31203412;buy;191.0
1898;ETH-BTC;01:57:45;0.02108;0.18022679;buy;192.0
1899;ETH-BTC;01:59:58;0.02109;0.0214559;sell;194.0
1900;ETH-BTC;02:01:31;0.02108;1.48738466;buy;196.0
1901;ETH-BTC;02:01:31;0.02108;1.89153402;buy;196.0
1902;ETH-BTC;02:02:26;0.02108;1.72342;buy;197.0
1903;ETH-BTC;02:05:34;0.0211;0.01800385;sell;200.0
1904;ETH-BTC;02:05:58;0.02109;0.01109945;buy;200.0
1905;ETH-BTC;02:06:40;0.0211;3.023281;sell;201.0
1906;ETH-BTC;02:06:57;0.02109;0.05026936;buy;201.0
1907;ETH-BTC;02:07:31;0.0211;0.4069789;sell;202.0
1908;ETH-BTC;02:07:38;0.0211;0.01251483;sell;202.0
1909;ETH-BTC;02:07:43;0.02109;0.01283425;buy;202.0
1910;ETH-BTC;02:09:27;0.0211;0.13567513;sell;204.0
1911;ETH-BTC;02:10:02;0.02109;0.14697239;buy;204.0
1912;ETH-BTC;02:10:37;0.0211;0.05136279;sell;205.0
1913;ETH-BTC;02:10:43;0.02109;0.08474576;buy;205.0
1914;ETH-BTC;02:12:30;0.02109;1.70124526;buy;207.0
1915;ETH-BTC;02:12:30;0.02109;2.8230219;buy;207.0
1916;ETH-BTC;02:12:30;0.02109;4.0;buy;207.0
1917;ETH-BTC;02:12:30;0.02109;6.29875474;buy;207.0
1918;ETH-BTC;02:12:30;0.02109;19.76828185;buy;207.0
1919;ETH-BTC;02:12:40;0.02109;1.00305758;buy;207.0
1920;ETH-BTC;02:12:50;0.02109;0.01005473;buy;207.0
1921;ETH-BTC;02:14:18;0.02108;0.32515826;buy;208.0
1922;ETH-BTC;02:15:05;0.02109;0.01224996;sell;209.0
1923;ETH-BTC;02:15:36;0.02108;0.01005438;buy;210.0
1924;ETH-BTC;02:15:47;0.02108;0.08909528;buy;210.0
1925;ETH-BTC;02:17:36;0.02107;0.73551981;buy;212.0
1926;ETH-BTC;02:18:21;0.02107;2.79717551;buy;213.0
1927;ETH-BTC;02:18:21;0.02107;3.26448019;buy;213.0
1928;ETH-BTC;02:19:11;0.02107;0.37409075;buy;213.0
1929;ETH-BTC;02:19:39;0.02108;0.14947725;sell;214.0
1930;ETH-BTC;02:20:33;0.02106;0.50818581;buy;215.0
1931;ETH-BTC;02:21:19;0.02107;1.35942749;sell;216.0
1932;ETH-BTC;02:21:42;0.02107;0.11501019;sell;216.0
1933;ETH-BTC;02:21:55;0.02107;9.04;sell;216.0
1934;ETH-BTC;02:22:51;0.02109;0.01302746;sell;217.0
1935;ETH-BTC;02:22:56;0.02108;0.0127854;buy;217.0
1936;ETH-BTC;02:23:29;0.02108;0.11687621;buy;218.0
1937;ETH-BTC;02:24:20;0.02108;0.6112726;buy;219.0
1938;ETH-BTC;02:24:56;0.02109;0.6935;sell;219.0
1939;ETH-BTC;02:25:01;0.02108;2.11340953;buy;219.0
1940;ETH-BTC;02:29:49;0.02109;0.47924395;sell;224.0
1941;ETH-BTC;02:30:03;0.02109;4.27896457;sell;224.0
1942;ETH-BTC;02:30:14;0.02108;1.14565626;buy;224.0
1943;ETH-BTC;02:30:14;0.02108;2.32499935;buy;224.0
1944;ETH-BTC;02:30:54;0.02108;0.04858918;buy;225.0
1945;ETH-BTC;02:31:06;0.02108;0.6627526;buy;225.0
1946;ETH-BTC;02:32:02;0.02108;0.72883768;buy;226.0
1947;ETH-BTC;02:33:30;0.02109;0.05444873;sell;228.0
1948;ETH-BTC;02:34:58;0.02109;3.40338791;sell;229.0
1949;ETH-BTC;02:35:54;0.02109;3.45783664;sell;230.0
1950;ETH-BTC;02:35:54;0.02109;4.0;sell;230.0
1951;ETH-BTC;02:35:54;0.02109;4.54216336;sell;230.0
1952;ETH-BTC;02:35:54;0.02109;11.84631573;sell;230.0
1953;ETH-BTC;02:37:45;0.02107;0.01296899;sell;232.0
1954;ETH-BTC;02:37:50;0.02106;0.01275166;buy;232.0
1955;ETH-BTC;02:40:12;0.02106;14.27476779;buy;234.0
1956;ETH-BTC;02:46:15;0.02105;0.0614317;sell;240.0
1957;ETH-BTC;02:47:31;0.02104;0.12;buy;242.0
1958;ETH-BTC;02:48:19;0.02105;0.20483443;sell;243.0
1959;ETH-BTC;02:48:53;0.02103;0.41784185;buy;243.0
1960;ETH-BTC;02:49:39;0.02104;0.062719;sell;244.0
1961;ETH-BTC;02:52:39;0.02104;0.01332561;sell;247.0
1962;ETH-BTC;02:52:44;0.02103;0.01280387;buy;247.0
1963;ETH-BTC;02:53:03;0.02103;0.0866004;buy;247.0
1964;ETH-BTC;02:53:30;0.02105;2.881647;sell;248.0
1965;ETH-BTC;02:53:30;0.02105;4.0;sell;248.0
1966;ETH-BTC;02:53:41;0.02105;4.22169596;sell;248.0
1967;ETH-BTC;02:54:30;0.02105;0.13790833;sell;249.0
1968;ETH-BTC;02:57:02;0.02106;0.052795;sell;251.0
1969;ETH-BTC;02:57:56;0.02105;4.0;buy;252.0
1970;ETH-BTC;02:57:56;0.02105;6.0;buy;252.0
1971;ETH-BTC;02:58:18;0.02106;0.1;buy;253.0
1972;ETH-BTC;02:58:38;0.02106;10.0;buy;253.0
1973;ETH-BTC;02:58:38;0.02107;3.40857274;sell;253.0
1974;ETH-BTC;02:59:28;0.02106;0.07368659;buy;254.0
1975;ETH-BTC;03:01:58;0.02106;0.13633361;sell;256.0
1976;ETH-BTC;03:02:08;0.02105;0.0376336;buy;256.0
1977;ETH-BTC;03:02:28;0.02106;0.23505344;sell;257.0
1978;ETH-BTC;03:03:42;0.02107;0.27149511;sell;258.0
1979;ETH-BTC;03:03:57;0.02107;0.29373754;sell;258.0
1980;ETH-BTC;03:07:03;0.02106;0.01;buy;261.0
1981;ETH-BTC;03:07:39;0.02107;0.01207458;sell;262.0
1982;ETH-BTC;03:07:45;0.02106;0.01277783;buy;262.0
1983;ETH-BTC;03:08:54;0.02107;0.07415169;sell;263.0
1984;ETH-BTC;03:11:39;0.02108;0.01352365;sell;266.0
1985;ETH-BTC;03:11:49;0.02106;0.29114329;buy;266.0
1986;ETH-BTC;03:12:38;0.02108;0.01075194;sell;267.0
1987;ETH-BTC;03:12:43;0.02107;5.72037334;buy;267.0
1988;ETH-BTC;03:12:52;0.02107;0.03470776;buy;267.0
1989;ETH-BTC;03:13:11;0.02107;0.03998231;buy;267.0
1990;ETH-BTC;03:13:24;0.02107;10.4123282;buy;268.0
1991;ETH-BTC;03:13:37;0.02107;0.48590865;buy;268.0
1992;ETH-BTC;03:13:48;0.02108;0.20924531;sell;268.0
1993;ETH-BTC;03:13:53;0.02107;1.59666782;buy;268.0
1994;ETH-BTC;03:16:14;0.02108;1.32296925;sell;270.0
1995;ETH-BTC;03:16:14;0.02108;3.5;sell;270.0
1996;ETH-BTC;03:16:14;0.02108;3.7664791;sell;270.0
1997;ETH-BTC;03:16:14;0.02108;8.0;sell;270.0
1998;ETH-BTC;03:16:14;0.02108;16.032124;sell;270.0
1999;ETH-BTC;03:16:45;0.02107;2.7769424;buy;271.0
2000;ETH-BTC;03:16:45;0.02107;3.71003192;buy;271.0
2001;ETH-BTC;03:16:45;0.02107;3.99267434;buy;271.0
2002;ETH-BTC;03:16:45;0.02107;5.02035134;buy;271.0
2003;ETH-BTC;03:16:45;0.02107;22.0;buy;271.0
2004;ETH-BTC;03:16:47;0.02107;8.0;buy;271.0
2005;ETH-BTC;03:16:47;0.02107;21.0;buy;271.0
2006;ETH-BTC;03:20:15;0.02108;0.31643448;sell;274.0
2007;ETH-BTC;03:21:14;0.02106;0.31643448;buy;275.0
2008;ETH-BTC;03:22:47;0.02106;0.04287334;buy;277.0
2009;ETH-BTC;03:23:14;0.02107;0.01267999;sell;278.0
2010;ETH-BTC;03:23:19;0.02107;0.01267999;sell;278.0
2011;ETH-BTC;03:23:25;0.02106;0.01276428;buy;278.0
2012;ETH-BTC;03:23:59;0.02106;0.52728345;buy;278.0
2013;ETH-BTC;03:24:01;0.02106;0.01265584;buy;278.0
2014;ETH-BTC;03:24:44;0.02106;0.69379401;buy;279.0
2015;ETH-BTC;03:25:31;0.02106;1.35168712;buy;280.0
2016;ETH-BTC;03:26:22;0.02106;0.01082339;buy;281.0
2017;ETH-BTC;03:26:54;0.02106;0.04360297;buy;281.0
2018;ETH-BTC;03:29:16;0.02106;0.03519647;buy;283.0
2019;ETH-BTC;03:29:16;0.02106;0.98808112;buy;283.0
2020;ETH-BTC;03:29:16;0.02106;1.03890539;buy;283.0
2021;ETH-BTC;03:30:41;0.02106;0.26374158;buy;285.0
2022;ETH-BTC;03:31:15;0.02107;0.10199428;sell;285.0
2023;ETH-BTC;03:31:30;0.02107;0.65181096;sell;286.0
2024;ETH-BTC;03:31:50;0.02107;0.52890132;sell;286.0
2025;ETH-BTC;03:31:57;0.02106;0.67587085;buy;286.0
2026;ETH-BTC;03:32:52;0.02106;0.02130891;buy;287.0
2027;ETH-BTC;03:33:16;0.02105;3.16299546;buy;287.0
2028;ETH-BTC;03:36:27;0.02105;0.83700454;buy;291.0
2029;ETH-BTC;03:36:27;0.02105;1.56844463;buy;291.0
2030;ETH-BTC;03:36:27;0.02105;4.48533479;buy;291.0
2031;ETH-BTC;03:36:27;0.02105;23.0;buy;291.0
2032;ETH-BTC;03:37:36;0.02106;0.04274719;sell;292.0
